2400 3840
524 427 528 434 ·
611 422 652 462 κ.

191 539 267 605 Ἐδιν
292 536 314 628 ᾖ
342 542 402 606 δύο
430 539 553 625 μεγέθη
584 538 758 625 δεδομένα,
789 539 844 605 καὶ
877 539 1047 626 ἀφαιρεθῇ
1079 539 1140 605 ἀπ’

126 646 237 712 αὐτῶν
264 651 386 732 μεγέθη
413 649 496 733 πρὸς
523 649 648 730 ἄλληλα
673 649 776 730 λόγον
802 650 919 731 ἔχοντα
945 644 1141 732 δεδομένον,

126 755 166 817 τδι
194 755 291 818 λοιπδι
317 756 400 839 πρὸς
426 756 551 837 ἄλληλα
578 755 650 837 ἤτοι
677 756 779 835 λόγον
806 750 869 832 ἕξει
885 751 1089 838 δεδομένον,
1118 755 1139 838 ἢ

91 861 163 924 διὸ
187 859 300 945 ἕτερον
321 869 381 924 τοῦ
405 857 517 945 ἑτέρον
541 857 677 924 δοθέντι
699 862 809 944 μεῖζόν
828 859 917 925 ἐστιν
940 858 960 942 ἢ
983 858 1020 924 έν
1038 863 1138 948 λόγῳ.

193 969 275 1031 ἔστω
303 967 364 1031 δύο
388 964 515 1051 μεγέθη
539 962 698 1051 δεδομένα
720 967 761 1030 τδι
784 970 864 1049 ΑΒ,
884 969 958 1048 ΓΛ,
991 964 1048 1030 καὶ
1071 964 1137 1031 ἀπὸ

126 1084 193 1137 τῶν
221 1077 299 1156 ΑΒ,
319 1076 380 1137 ΓΛ
407 1072 593 1158 ἀφῃρήσθω
620 1070 744 1157 μεγέθη
772 1074 812 1137 τδι
839 1075 920 1155 ΑΕ,
941 1075 1003 1137 ΓΖ
1034 1076 1138 1156 λόγον

126 1181 242 1261 ἔχοντα
263 1179 347 1262 πρὸς
369 1179 494 1261 ἄλληλα
517 1177 708 1263 δεδομένον·
732 1176 826 1261 λέγω,
850 1178 900 1243 ὅτι
923 1180 963 1243 πδι
981 1183 1056 1263 ΕΒ,
1077 1184 1141 1244 ΖΔ

125 1285 207 1367 πρὸς
233 1284 358 1366 ἄλληλα
385 1285 458 1367 ἤτοι
483 1287 583 1367 λόγον
606 1271 671 1369 ἒγει
695 1283 888 1370 δεδομένον,
912 1283 936 1367 ἢ
959 1287 996 1350 τὸ
1021 1285 1138 1371 ἓπερον

72 1402 107 1451 10
125 1397 185 1453 τοῦ
208 1387 321 1475 ετέρου
344 1389 479 1456 δοθέντι
502 1391 652 1476 μεῖζόνέ
652 1406 726 1456 στιν
748 1390 769 1474 ἣ
792 1390 829 1456 έν
851 1394 948 1479 λόγῳ.

53 1488 60 1501 ’
191 1494 261 1560 ἐπεὶ
281 1497 343 1581 γὰρ
363 1495 502 1561 δοθέν’
485 1513 576 1562 εστιν
599 1494 752 1582 εκολπερον
770 1509 837 1562 τῶν
855 1501 927 1580 ΑΒ,
943 1499 1014 1617 ΓΛ,
1038 1501 1140 1581 λόγος

124 1603 188 1687 ἄρα
211 1611 271 1667 τοῦ
293 1607 359 1668 ΑΒ
382 1605 465 1688 πρὸς
487 1606 549 1667 ΓΔ
572 1604 694 1680 δοθείς.

191 1708 246 1774 καὶ
273 1711 305 1775 εἰ
329 1706 389 1794 μὲν
420 1709 438 1775 ὁ
466 1709 566 1786 αὐτός
594 1709 661 1775 ἐστι
693 1718 739 1797 τῷ
765 1717 826 1774 τοῦ
854 1714 922 1774 ΑΕ
950 1711 1035 1793 πρὸς
1063 1689 1139 1798 ΓΖ,

53 1898 57 1904 ⁸
125 1818 216 1880 ἔσται
241 1815 297 1882 καὶ
322 1822 441 1883 λοιποῦ
464 1825 524 1881 τοῦ
548 1820 610 1881 ΕΒ
638 1817 720 1901 πρὸς
743 1817 860 1880 λοιπὸν
883 1816 920 1880 τὸ
945 1821 1006 1881 ΖΛ
1034 1820 1137 1900 λόγος

72 1922 247 1999 ww&

89 2075 93 2084 ·
191 2031 235 2113 μὴ
263 2032 345 2095 ἔστω
373 2031 414 2114 δὴ
442 2030 460 2096 ὁ
487 2029 601 2114 αὐτός,
632 2027 688 2093 καὶ
714 2030 908 2112 πεποιήσθω
937 2028 982 2105 ὡς
1006 2031 1044 2095 τὸ
1067 2035 1139 2096 ΕΑ

124 2137 207 2220 πρὸς
226 2138 298 2218 ΓΖ,
321 2135 426 2212 οὕτως
447 2137 485 2200 τὸ
504 2122 581 2200 ΑΗ
598 2137 681 2220 πρὸς
700 2137 769 2199 ΓΔ.
808 2137 906 2217 λόγος
929 2131 966 2200 δὲ
989 2145 1049 2201 τοῦ
1068 2142 1141 2202 ΑΕ

125 2243 208 2326 πρὸς
235 2244 296 2305 ΓΖ
323 2243 450 2318 δοθείς·
482 2244 580 2323 λόγος
607 2243 671 2327 ἄρα
697 2239 752 2307 καὶ
779 2250 839 2306 τοῦ
862 2245 940 2305 ΑΗ
961 2243 1045 2327 πρὸς
1074 2246 1139 2307 ΓΔ

126 2331 270 2422 δοθείςζ
305 2343 418 2412 δοθὲν.
434 2343 471 2412 δὲ
497 2348 534 2412 τὸ
564 2350 637 2412 ΓΛ·
669 2344 774 2414 δοθὲν
804 2349 869 2434 ἄρα
900 2344 955 2412 καὶ
987 2349 1023 2413 τὸ
1053 2352 1136 2414 ΑΗ.

71 2465 108 2514 20
127 2455 195 2517 ἔστι
222 2449 258 2517 δὲ
285 2450 341 2516 καὶ
367 2454 404 2517 τὸ
433 2457 497 2518 ΑΒ
530 2452 646 2519 δοθέν·
678 2451 734 2518 καὶ
760 2456 879 2520 λοιπὸν
910 2456 974 2540 ἄρα
1001 2455 1039 2519 τὸ
1066 2458 1139 2520 ΗΒ

124 2557 231 2623 δοθέν
258 2557 356 2623 ἐστιν.
410 2557 465 2624 καὶ
496 2559 569 2624 ἐπεί
597 2559 688 2626 ἐστιν
719 2560 763 2637 ὡς
794 2562 831 2626 τὸ
860 2565 929 2625 ΑΕ
953 2561 1037 2647 πρὸς
1065 2563 1140 2645 ΓΖ,

126 2665 232 2742 οὕτως
254 2666 291 2730 τὸ
311 2669 388 2729 ΑΗ
404 2667 487 2751 πρὸς
509 2667 546 2730 τὸ
570 2668 640 2751 ΓΔ,
662 2664 718 2731 καὶ
740 2653 859 2732 λοιποῦ
881 2675 942 2731 τοῦ
961 2671 1033 2731 ΗΕ
1053 2669 1139 2753 πρὸς

126 2773 245 2838 λοιπὸν
267 2773 303 2837 τὸ
329 2776 394 2836 ΖΛ
420 2775 518 2855 λόγος
545 2771 614 2838 ἐστὶ
641 2773 769 2849 δοθείς·
801 2769 906 2839 δοθὲν
933 2770 970 2838 δέ
992 2775 1030 2838 τὸ
1054 2777 1140 2838 ΗΒ·

127 2880 164 2944 τὸ
196 2882 262 2943 ΕΒ
299 2880 362 2963 ἄρα
399 2887 458 2942 τοῦ
492 2883 557 2943 ΖΛ
593 2876 730 2946 δοθέντι
766 2881 875 2963 μεῖζόν
912 2879 1002 2945 ἐστιν
1039 2879 1060 2963 ἢ
1099 2880 1139 2945 έν

73 2997 108 3046 25
128 2988 224 3072 λόγῳ.

199 3246 346 3318 4.γι.έεβ
433 3235 890 3319 6.ni.v]correx3m..2Vat
978 3254 1018 3302 11
1043 3247 1140 3305 δοθέν

127 3318 184 3372 ἐστι
185 3319 296 3389 v]p0st
317 3322 365 3373 ΓΔ
382 3337 408 3373 v.
474 3324 514 3373 12.
534 3319 564 3373 τὸ
586 3322 678 3373 Ma.
734 3315 833 3380 δοθελς
851 3317 907 3372 ἐστι
926 3335 950 3373 a.
1016 3325 1059 3374 13.
1079 3319 1141 3376 ἐστι

145 3394 232 3444 ιόοτο
219 3389 433 3530 ’ὲαότῷ
317 3389 431 3444 com
507 3389 538 3444 τό
560 3393 654 3443 ΓΖα.
736 3395 777 3443 15.
802 3389 857 3443 ἐστὶ
876 3387 1019 3453 δοθελςα.
1095 3397 1140 3446 16.

127 3408 338 3589 λιι.
404 3460 763 3586 μανι.
767 3461 1033 3603 ιεινι
1105 3462 1141 3519 2⁶

65 3594 92 3626 k
