2400 3840
127 178 170 242 80
530 180 734 231 ΔΕΔΟΜΕΝΑ.

194 325 276 387 ἔστω
304 323 469 408 τρίγωνον
496 322 533 386 τὸ
557 325 662 386 ΑΒΓ
687 324 768 405 μίαν
795 324 871 405 ἔχον
897 323 1027 404 γωνίαν
1050 322 1145 386 δεδο-

127 426 230 512 μένην
253 430 314 513 τὴν
336 428 402 493 ὑπὸ
425 438 493 492 τῶν
515 431 621 510 ΒΑΓ,
646 425 721 514 περὶ
743 424 781 492 δὲ
804 429 908 511 ἄλλην
931 431 1060 510 γωνίαν
1082 430 1145 513 την

127 534 193 598 ὑπὸ
212 546 279 599 τῶν
293 538 398 599 ΑΒΓ
415 535 453 598 αί
467 531 607 619 πλευραὶ
625 534 664 598 αί
679 532 758 617 ΑζΒ,
773 538 841 599 ΒΓ
859 537 960 616 λόγον
980 532 1144 618 ἐχέτωσαν

128 641 211 724 πρὸς
233 639 376 722 ἀλλήλας
393 638 587 722 δεδομένον·
611 638 706 722 λέγω,
730 639 836 704 ὅτιτὸ
855 644 961 705 ΑΒΓ
977 645 1146 726 τρίγωνον

94 759 109 807 5
129 746 260 811 δέδοται
284 756 329 834 τῷ
354 748 443 810 είδει.

195 855 238 938 μὴ
267 856 349 918 έστω
378 854 419 936 δη
447 852 467 936 η
495 852 561 917 ὑπὸ
589 864 655 917 τῶν
679 856 780 917 ΒΑΓ
803 855 907 935 γωνία
933 854 1036 939 ὀρθή,
1070 852 1142 918 ἀλλ’

129 963 210 1024 έστω
234 963 396 1045 πρότερον
414 958 512 1042 ὀξεῖα,
535 956 591 1022 καὶ
609 960 704 1042 ἤχθω
724 959 788 1025 ἀπὸ
807 968 867 1024 τοῦ
886 964 914 1024 Β
934 962 1072 1044 σημείου
1092 957 1145 1024 έιτὶ

129 1067 190 1148 την
214 1068 283 1129 ΑΓ
304 1065 444 1141 κάθετος
471 1063 491 1147 ἡ
520 1069 590 1129 ΒΛ.
646 1063 716 1128 ἐπεὶ
743 1065 884 1130 δοθεῖσοί
912 1064 1003 1130 ἐστιν
1029 1064 1051 1148 ἡ
1078 1065 1144 1130 ὑπὸ

129 1174 225 1234 ΒΔΑ
252 1174 372 1253 γωνία,
404 1173 473 1235 ἔστι
502 1166 539 1234 δέ
565 1169 621 1234 καὶ
648 1170 756 1254 ἡὺιτὸ
781 1181 848 1236 τῶν
871 1175 967 1236 ΒΑΔ
995 1173 1144 1254 δοθεῖσα,

78 1291 111 1338 10
130 1275 184 1340 καὶ
204 1279 300 1360 λοιπὴ
320 1278 383 1361 ἄρα
402 1277 422 1361 η
441 1277 506 1341 ὑπὸ
525 1287 592 1340 τῶν
606 1281 707 1341 ΑΒΔ
724 1277 865 1342 δοθεῖσοί
884 1277 987 1342 έστιν·
1011 1276 1144 1342 δέδοται

129 1383 253 1466 ἄρατὸ
278 1386 373 1447 ΒΑΛ
401 1386 566 1468 τρίγωνον
593 1392 639 1470 τῷ
667 1384 760 1448 εῖδει·
794 1387 891 1466 λόγος
914 1385 979 1468 ἅμα
1001 1392 1060 1467 τῆς
1083 1387 1146 1447 ΒΑ

129 1489 211 1573 πρὸς
238 1491 299 1572 τὴν
326 1493 393 1553 ΒΔ
421 1490 543 1566 δοθείς.
595 1489 679 1554 ἀλλὰ
705 1499 763 1574 τῆς
790 1494 856 1554 ΑΒ
884 1491 967 1577 πρὸς
994 1492 1057 1574 την
1084 1492 1152 1553 ΒΓ

130 1598 227 1677 λόγος
260 1594 328 1660 έστί
357 1597 484 1671 δοθείς·
522 1593 577 1660 καὶ
609 1605 667 1680 τῆς
694 1600 761 1660 ΒΑ
792 1598 856 1682 ἅμα
883 1598 966 1682 πρὸς
993 1598 1055 1680 την
1082 1599 1151 1660 ΒΓ

130 1705 227 1784 λόγος
250 1701 319 1767 ἐστὶ
342 1704 464 1779 δοθείς.
508 1705 566 1767 καί
587 1701 678 1767 ἐστιν
701 1702 788 1789 ὀρθὴ
812 1701 832 1785 ἡ
855 1703 920 1767 ὑπὸ
944 1713 1012 1767 τῶν
1030 1706 1094 1766 ΒΔ
1101 1705 1144 1766 Γ·

78 1821 111 1869 15
131 1806 262 1872 δέδοται
285 1810 350 1893 ἅμα
372 1809 409 1872 τὸ
429 1812 529 1873 ΒΑΓ
546 1811 711 1894 τρίγωνον
733 1818 779 1896 τῷ
803 1810 896 1873 εῖδει·
921 1810 1062 1874 δοθεῖσα
1081 1810 1145 1894 ἅμα

131 1913 220 1979 ἐστίν
243 1914 263 1997 ἡ
286 1915 351 1979 ὑπὸ
375 1927 441 1980 τῶν
460 1918 556 1980 ΒΓΔ
578 1917 692 1997 γωνία.
730 1918 799 1980 ἔστι
822 1911 859 1979 δὲ
881 1912 936 1978 καὶ
954 1913 974 1997 ἡ
993 1914 1059 1980 ὑπὸ
1079 1926 1145 1980 τῶν

130 2025 192 2084 ΒΑ
200 2025 231 2085 Γ
253 2022 406 2086 δοθεῖσα·
438 2019 493 2085 καί
517 2023 615 2105 λοιπὴ
639 2023 703 2107 ίίμα
725 2021 746 2105 ἡ
768 2020 834 2085 ὑπὸ
857 2032 924 2086 τῶν
947 2024 1054 2085 ΑΒΓ
1077 2021 1145 2086 έστι

131 2128 283 2192 δοθεῖσα·
307 2128 440 2192 δέδοται
463 2129 527 2212 ἄρα
550 2129 587 2192 τὸ
612 2131 717 2192 ΑΒΓ
735 2130 900 2213 τρίγωνον
922 2137 968 2214 τῷ
992 2128 1084 2192 είδει.

197 2234 280 2298 ἀλλὰ
302 2233 349 2318 ’δη
378 2237 459 2298 ἔστω
492 2233 512 2317 ἡ
540 2234 605 2298 ὑπὸ
633 2245 701 2299 τῶν
729 2238 830 2299 ΒΑΓ
857 2237 963 2316 γωνία
996 2233 1146 2318 ἀμβλεῖα,

77 2353 112 2400 20
130 2337 185 2401 καὶ
208 2339 420 2422 ἐκβεβλήσθω
444 2340 464 2424 ἡ
485 2344 544 2404 ΓΑ
568 2340 620 2405 έιτὶ
639 2343 675 2405 τὸ
695 2346 734 2424 Ε,
757 2338 812 2405 καὶ
834 2341 930 2424 ἤχθω
953 2339 1017 2404 ἀπὸ
1036 2349 1098 2404 τοῦ
1118 2344 1145 2404 Β

130 2448 266 2528 σημείου
294 2442 348 2510 ἐπὶ
375 2447 435 2529 τὴν
465 2451 533 2510 ΑΕ
563 2448 703 2524 κάθετος
730 2445 750 2529 ἡ
780 2450 851 2510 ΒΕ.
908 2443 977 2510 ἐπεὶ
1005 2445 1146 2510 δοθεῖσοί

131 2549 263 2632 ἐστινὴ
287 2549 351 2614 ὑπὸ
376 2561 443 2614 τῶν
466 2554 570 2635 ΒΑΓ,
598 2549 653 2616 καὶ
675 2552 696 2635 δη
720 2550 836 2635 ἐφεξῆς
859 2552 923 2636 ἅμα
946 2550 966 2634 ἡ
988 2551 1055 2616 ὑπὸ
1079 2562 1147 2616 τῶν

130 2659 233 2719 ΒΑΕ
259 2656 398 2720 δοθεῖσοί
425 2657 524 2721 ἐστιν.
571 2661 639 2722 ἔστι
668 2655 704 2723 δέ
731 2656 786 2722 καὶ
815 2657 835 2741 ἡ
862 2657 928 2722 ὑπὸ
952 2668 1020 2722 τῶν
1044 2662 1146 2722 ΒΕΑ

130 2762 282 2825 δοθεῖσα·
319 2760 374 2826 καὶ
405 2765 503 2848 λοιπὴ
536 2766 600 2849 ἄρα
631 2766 651 2850 ἡ
682 2765 748 2830 ὑπὸ
776 2775 844 2829 τῶν
872 2769 973 2829 ΕΒΑ
1005 2765 1147 2830 δοθεῖσοί

78 2883 111 2930 25
131 2868 233 2933 ἐστιν·
258 2858 390 2934 δέδοται
413 2872 477 2956 ἄρα
500 2873 537 2935 τὸ
556 2876 653 2936 ΕΒΑ
675 2875 841 2957 τρίγωνον
863 2881 909 2958 τῷ
928 2872 1021 2936 είδει·
1046 2874 1145 2954 λόγος

202 3104 224 3150 1Ι
226 3096 321 3190 έχον]
342 3097 458 3168 έχωνΡ.
542 3104 565 3152 2.
591 3095 634 3168 δέ]
654 3114 707 3152 om
728 3115 752 3152 a.
836 3097 1101 3166 6.Α11λομη’.εδδ
1122 3098 1147 3152 εί

131 3185 181 3233 μεν
205 3188 237 3221 ov
222 3164 256 3222 δν
280 3168 355 3236 ὀρθή
379 3169 488 3223 ἐστιν
474 3191 491 3240 η
516 3169 641 3240 τρδςτιό
620 3166 801 3238 ωΑγιονία,
832 3167 975 3224 δέδεικται
978 3117 1029 3223 μτὸ
1054 3168 1147 3238 ὄνομα

131 3236 330 3311 δεδομένον
302 3259 341 3293 τιο
328 3239 429 3294 είδει
447 3258 471 3294 a.
547 3245 570 3294 8.
592 3223 778 3365 ἐπείχοωηί)
854 3246 895 3295 13
915 3237 1016 3294 ναί-
982 3245 1077 3295 -14.
1099 3242 1147 3294 δο-

130 3294 330 3379 οεῖᾈςχοωι)
386 3317 426 3365 14
447 3316 528 3366 ΒΔΓ
543 3308 630 3381 γωνία
739 3316 779 3365 15
800 3311 1045 3382 BANJABPb.
1104 3317 1144 3365 16.

130 3377 227 3432 τοι-ί
243 3386 283 3434 17.
304 3383 434 3452 δοθεῖσα]
455 3399 507 3437 om.
527 3401 552 3451 v,
573 3381 759 3452 καλλοιόίτη
741 3402 796 3451 αρα
815 3382 833 3452 ἡ
853 3383 964 3438 δτὸτῶ
966 3387 1080 3436 νΑΒΔ
1099 3384 1146 3436 δο·

130 3449 215 3503 θεῖιλο
235 3450 291 3504 ἐστι
265 3471 364 3521 n.mg
384 3459 463 3507 1112.
538 3459 579 3508 18.
599 3453 648 3508 καὶ
665 3452 697 3507 τό
716 3453 790 3521 vat
811 3454 864 3508 del.
885 3450 1028 3508 ναίω.2.
1104 3457 1144 3506 19.

131 3519 200 3573 ἀλλὰ
182 3521 254 3590 αδὴ
276 3521 353 3593 ἔστω]
373 3521 432 3576 ἀλλ’
451 3523 562 3578 έοτωλ).
622 3519 689 3595 τῶν]
709 3541 762 3578 om.
782 3542 807 3578 V.
869 3530 910 3579 22.
929 3522 1030 3593 η(.)αΙῖ
958 3524 1042 3596 ()]
1062 3540 1146 3593 supra
