2400 3840
487 161 651 214 SOHOLIA.
1010 157 1075 223 285

127 305 180 368 97.
213 300 285 366 Καὶ
304 303 349 379 ώς
371 305 622 389 συναμφότερος
645 306 710 389 ἄρα
733 303 752 386 ἡ
776 307 876 369 ΒΑΓ
893 328 923 388 p.
944 305 997 389 82,
1016 304 1073 388 23]

59 411 106 486 ὡς
139 410 201 494 γὰρ
234 409 273 473 ἓν
298 420 367 474 τών
393 408 588 494 ἡγουμένων
618 411 702 497 πρὸς
734 411 771 475 ἓν
799 421 867 476 τῶν
896 408 1075 495 ἑπομένων,

59 516 168 593 οὕτως
190 516 319 580 ἅπαντα
342 516 382 579 τὰ
405 515 573 601 ἡγούμενα
599 518 682 603 πρὸς
705 518 834 585 ἅπαντα
860 518 902 581 τδι
924 514 1075 600 ἑπόμενα.

415 673 468 740 Ad
490 698 581 760 prop.
605 675 719 741 XLVI.

129 783 181 847 98.
212 779 288 845 Ἐδιν
311 782 374 868 γὰρ
398 783 564 867 τριγώνου
587 784 693 865 γωνία
716 783 793 866 δίχα
815 789 937 868 τμηθῇ,
960 783 1001 846 τδι
1018 790 1076 865 τῆς
1113 792 1129 840 5

60 888 189 973 βάσεως
206 896 267 952 τοῦ
280 889 447 972 τριγώνου
462 890 521 953 τὸν
535 889 639 954 αὐτὸν
653 887 716 966 ἕξει
731 891 833 971 λόγον
846 899 919 964 ταῖς
932 897 992 952 τοῦ
1006 911 1076 974 τρι-

60 997 174 1077 γώνου
197 999 363 1079 πλευραῖς.

457 1082 510 1148 Ad
531 1106 622 1169 prop.
645 1083 681 1148 L.

129 1191 182 1255 99.
213 1187 312 1254 Ὥστε
342 1188 399 1255 καὶ
430 1199 488 1274 τῆς
519 1195 585 1255 ΑΒ
617 1213 647 1274 p.
671 1191 727 1272 92,
752 1191 785 1275 6]
823 1189 893 1256 ἐπεὶ
925 1192 988 1278 γδιρ
1020 1198 1078 1274 τῆς

61 1301 129 1362 ΑΒ
156 1298 240 1381 πρὸς
265 1298 327 1380 τὴν
351 1299 411 1361 ΓΛ
437 1299 536 1378 λόγος
563 1295 632 1361 ἐστὶ
659 1298 789 1380 δοθείς,
816 1299 885 1362 ἔστι
912 1293 949 1362 δὲ
976 1294 1031 1362 καὶ
1059 1297 1131 1362 610

60 1412 121 1487 τῆς
149 1390 208 1467 ΓΛ
239 1403 323 1487 πρὸς
350 1404 411 1485 τὴν
437 1407 478 1467 H
505 1405 603 1485 λόγος
630 1403 759 1487 δοθείς,
791 1404 895 1487 δῆλον
922 1405 1001 1489 ἄρα,
1033 1403 1078 1481 ὡς

60 1507 118 1573 καὶ
141 1509 159 1574 ὁ
183 1512 396 1593 συγκείμενος
419 1507 454 1572 ἐκ
477 1520 544 1573 τῶν
563 1509 625 1572 δύο
645 1507 818 1574 δοθέντων
835 1512 945 1592 λόγων
964 1510 1079 1586 δοθείς

63 1615 133 1679 ἐστι
156 1617 267 1696 λόγος·
295 1612 316 1697 ἢ
339 1610 394 1678 καὶ
418 1614 474 1678 διὰ
497 1615 533 1678 τὸ
557 1612 602 1697 η’,
625 1613 643 1677 δ
666 1612 722 1679 καλ
744 1612 886 1698 βέλτιον.

133 1731 205 1794 100.
238 1726 295 1805 Ὡς
322 1726 359 1793 δέ
385 1728 406 1811 ἡ
430 1733 496 1794 ΑΒ
525 1753 557 1813 p.
578 1730 630 1811 92,
655 1728 688 1812 7]
723 1729 768 1804 ώς
794 1731 857 1816 γὰρ
885 1729 908 1812 ἡ
934 1729 967 1794 α’
995 1732 1078 1817 πρὸς

62 1838 125 1920 τὴν
148 1834 193 1919 γ’,
217 1835 323 1912 οὕτως
341 1837 378 1900 τὸ
397 1834 461 1899 ἀπὸ
480 1844 539 1919 τῆς
556 1834 592 1900 α’
615 1830 704 1913 είδος
725 1836 809 1922 πρὸς
827 1837 864 1900 τὸ
883 1835 947 1901 ἀπὸ
966 1845 1024 1920 τῆς
1042 1836 1077 1920 β’
1097 1853 1131 1902 15

62 1943 101 2007 τὸ
125 1943 241 2026 ὅμοιον
263 1939 319 2006 καὶ
342 1941 464 2026 ὁμοίως
486 1940 788 2028 ἀναγεγραμμένον.

444 2099 496 2165 Ad
518 2124 609 2185 prop.
631 2100 700 2166 LII.

134 2210 207 2274 101.
244 2207 391 2273 Δέδοται
421 2209 486 2294 ἄρα
517 2209 554 2272 τὸ
583 2213 649 2272 AZ
680 2232 712 2292 p.
736 2210 792 2293 94,
818 2208 878 2293 14]
915 2215 982 2273 πᾶν
1014 2210 1077 2296 γὰρ

63 2315 273 2400 τετράγωνον
291 2313 394 2379 δοθέν
416 2313 484 2379 έστι
505 2324 550 2403 τῷ
570 2315 651 2379 είδει
675 2315 786 2379 διὰτὸ
805 2311 938 2390 καὶτὰς
956 2317 1080 2397 γωνίας

138 2460 180 2509 97.
199 2452 361 2507 Furores.
429 2459 471 2507 98.
490 2452 561 2508 Ρτσ.
631 2459 673 2508 99.
692 2453 1077 2521 ΡΙἾολπΜοιιώωθτρλο.

102 2524 247 2579 100.le
339 2529 398 2578 101.
423 2524 786 2595 PlVat.vM0n.Ambr.op.
823 2524 884 2580 Lin.
906 2531 947 2580 18.
966 2533 1025 2580 πᾶν
1045 2558 1078 2566 -

64 2614 92 2666 p.
108 2601 168 2663 286,
188 2601 206 2648 4
224 2593 291 2649 ἴσων
311 2611 364 2649 om.
401 2592 454 2664 γάρ
473 2594 522 2650 lin.
543 2601 577 2649 18
597 2599 626 2650 et
643 2601 681 2669 τῷ
700 2595 770 2650 είδει
788 2595 837 2650 lin.
859 2602 900 2667 19,
926 2600 992 2666 post
1011 2596 1078 2652 ἴσων

66 2669 163 2721 autem
185 2666 250 2720 add.
270 2669 400 2735 μεγεθῶν
422 2665 453 2719 in
470 2665 579 2721 Plvat.
598 2666 712 2736 iterum,
737 2667 768 2720 in
787 2684 801 2721 ο
823 2667 946 2737 primum
966 2667 1020 2738 leg.
1041 2668 1079 2723 ad

64 2739 151 2792 finem
169 2735 236 2790 libri
253 2739 319 2806 post
337 2735 423 2792 schol.
442 2755 484 2790 nr.
504 2742 546 2806 55,
566 2737 616 2791 ubi
635 2741 790 2805 sequuntur
808 2739 891 2794 haec:
917 2739 967 2793 καὶ
984 2737 1079 2806 πόλιν,

67 2807 118 2863 ἐὰν
141 2808 196 2862 ὑπὸ
220 2808 272 2863 δύο
292 2809 432 2862 δοθεισῶν
452 2809 572 2863 εὐθειῶν
590 2807 694 2878 χωρίον
712 2827 747 2863 πε
767 2806 874 2879 ιέχηται
893 2809 1078 2878 ὀρθογώνιον,

67 2876 157 2934 δοθέν
181 2878 238 2932 έστι
260 2878 292 2933 τὸ
310 2876 413 2949 χωρίον
437 2876 486 2932 διδι
505 2878 536 2933 τδ
555 2879 605 2933 καὶ
622 2878 673 2942 τὰς
690 2829 795 2949 γωνίας
817 2880 904 2934 αὐτοῦ
928 2879 1077 2934 δεδόσθαι·

66 2958 156 3004 πᾶσαι
178 2947 231 3019 γάρ
251 2949 321 3004 εἰσιν
345 2947 444 3016 ὀρθαί·
474 2950 523 3003 καλ
544 2950 609 3012 τοὺς
632 2949 731 3019 λόγους
754 2947 785 3004 δὲ
806 2959 862 3004 τῶν
880 2953 1006 3018 πλευρῶν
1030 2949 1079 3005 διδι

64 3022 97 3076 τὸ
117 3021 148 3074 α’
167 3021 311 3091 θεώρημα.

139 3159 163 3208 5.
183 3151 248 3225 γάρ]
268 3171 321 3208 om.
337 3170 359 3206 z.
414 3155 521 3225 τμηθῇ]
540 3152 607 3207 hino
625 3172 639 3206 τ
658 3155 729 3208 haec
742 3154 843 3209 habet:
862 3151 926 3224 ἡδὲ
940 3151 1079 3224 τέμνουσα

65 3226 118 3295 τὴν
142 3222 247 3293 γωνίαν
271 3226 371 3279 εὐθεῖα
393 3222 479 3296 τέμνῃ
502 3225 552 3280 καὶ
573 3225 625 3294 τὴν
644 3223 739 3296 βάσιν,
762 3223 799 3279 τδι
820 3233 870 3280 τοῦ
889 3225 950 3295 (sio)
974 3225 1080 3298 βάσεως

66 3297 195 3366 τμήματα
214 3294 356 3365 όινόλογόν
375 3295 432 3349 ἐστι
449 3305 511 3359 ταῖς
528 3300 639 3359 λοιπαῖς
656 3301 694 3350 τώ
712 3297 836 3370 τριγώνῳ
855 3295 916 3367 (sio)
939 3301 1079 3366 πλευραῖς.

104 3373 128 3422 6.
147 3374 197 3420 τοῦ
212 3368 285 3439 (pr.)]
305 3383 358 3420 om.
378 3367 459 3420 codd.
526 3373 550 3422 9.
569 3368 629 3440 τῆς]
648 3350 698 3438 ΡῘ,
719 3366 733 3422 ὁ
751 3374 803 3436 τῆς
820 3370 886 3423 cett.
955 3375 996 3423 10.
1015 3368 1079 3442 τήν]

66 3437 98 3492 τό
117 3456 143 3491 v.
216 3444 258 3490 13.
278 3435 327 3491 καί
340 3437 423 3509 (alh.)]
443 3455 531 3508 comp.
551 3438 625 3508 Vah,
643 3436 773 3508 κείμενον
793 3459 816 3508 ρ.
890 3445 932 3494 15.
951 3441 992 3512 γ’]
1012 3440 1041 3511 β’
1061 3442 1079 3496 l.

104 3514 145 3562 18.
165 3508 239 3562 Ante
257 3516 316 3563 πᾶν
335 3509 399 3564 add.
419 3509 537 3580 σγόλιον.
556 3510 586 3564 P.
661 3516 702 3564 19.
722 3507 787 3582 καί]
808 3527 860 3565 om.
880 3511 975 3567 Ambr.
