2400 3840
109 151 174 214 Ι92
534 148 737 200 Δωεοαααε.
799 191 801 195 .

131 294 233 377 λέγω,
270 295 320 359 ὅτι
356 290 412 357 καὶ
448 292 466 358 ὁ
502 293 586 377 πρὸς
618 293 744 374 ἀλληλα
776 289 888 355 αὐτῶν
925 291 1029 372 λόγος,
1058 292 1151 355 ἔσται

133 402 259 482 δοθείς.,

200 508 351 589 εἰλήφθω
375 505 438 590 γάρ
461 516 529 569 τῶν
552 508 636 587 ΑΒ,
656 506 717 568 ΓΑ
744 505 840 588 τρίτηΙ
863 501 1031 584 ἀνάλογον
1054 501 1074 585 ἡ
1099 507 1151 567 Η·

133 616 223 677 ἔστιν
242 614 306 698 ἀρα
325 611 370 687 ὡς
387 611 407 695 ἡ
426 615 492 675 ΑΒ
516 612 599 696 πρὸς
617 612 678 695 τὴν
698 613 768 693 ΓΔ,
791 608 812 692 ἡ
833 612 894 691 ΓΔ
916 610 1000 694 πρὸς
1017 610 1080 692 τὴν
1100 613 1152 672 Η·

99 723 231 801 ολόγος
254 714 291 782 δὲ
314 718 332 782 ὁ
355 726 413 801 τῆς
436 721 501 781 ΑΒ
529 718 612 802 πρὸς
636 720 697 781 ΓΛ
725 717 852 790 δοθείς·
886 718 985 797 λόγος
1007 716 1073 800 ἀρα
1096 713 1152 780 καὶ

133 835 190 908 τῆς
214 828 275 889 ΓΛ
298 825 381 909 πρὸς
403 824 464 906 τὴν
487 827 527 886 H
550 823 678 898 δοθείς·
711 823 795 886 ὥστε
817 819 873 885 καὶ
896 830 955 904 τῆς
977 825 1045 885 ΑΒ
1067 822 1153 907 πρὸς

133 933 195 1014 τὴν
218 934 257 994 Η
276 933 374 1012 λόγος
398 928 466 993 ἐστὶ
489 930 613 1005 δοθείς.
659 929 704 1004 ὡς
727 924 764 992 δὲ
787 926 807 1010 ἡ
826 915 895 992 ΑΒ
915 928 1000 1012 πρὸς
1022 928 1084 1011 τὴν
1106 931 1151 1009 Η,

134 1038 239 1113 οὕτως
262 1039 298 1101 τὸ
322 1041 355 1100 Ε
374 1037 458 1120 πρὸς
481 1037 517 1101 τὸ
543 1040 583 1099 Ζ·
609 1037 708 1118 λόγος
731 1036 795 1120 ἀρα
817 1042 878 1099 τοῦ
901 1038 934 1097 Ε
953 1034 1038 1119 πρὸς
1060 1035 1098 1098 τὸ
1124 1037 1151 1096 Ζ

134 1145 257 1218 δοθείς.

82 1280 114 1327 10
414 1248 416 1252 ’
608 1263 673 1329 να’.
738 1294 740 1299 ·

200 1388 275 1454 Ἐἀν
299 1390 361 1453 δύο
385 1389 515 1454 εὐθεῖαι
537 1389 621 1475 πρὸς
643 1388 787 1471 ἀλλήλας
810 1391 912 1470 λόγον
935 1390 1034 1471 ἔχωσι
1058 1388 1152 1452 δεδο-

134 1495 235 1581 μένον
253 1493 308 1560 καλ
333 1479 518 1559 ἀπἀὐτῶν
533 1495 765 1581 εὐθύγραμμα,
788 1493 809 1559 ἀ
828 1497 954 1577 ἔτυχεν,
972 1492 1151 1578 ἀναγραφῇ
1172 1487 1176 1492 ’

135 1601 295 1688 δεδομένα
318 1587 369 1690 τῷ
388 1602 479 1684 εῖδει,
502 1604 603 1683 λόγον
626 1600 690 1679 ἔξει
712 1601 795 1687 πρὸς
813 1602 939 1683 ἀλληλα
958 1597 1150 1683 δεδομένον.
1176 1654 1179 1661 .

202 1710 264 1774 δύο
287 1709 350 1794 γὰρ
374 1707 503 1773 εὐθεῖαι
527 1709 564 1771 αἱ
584 1712 666 1791 ΑΒ,
686 1711 748 1772 ΓΔ
773 1708 856 1793 πρὸς
883 1705 1027 1788 ἀλλήλας
1050 1708 1153 1788 λόγον

82 1831 114 1878 15
135 1814 297 1899 ἐχέτωσαν
320 1813 514 1898 δεδομένον,
543 1806 599 1877 κάὶ
622 1813 870 1899 ἀναγεγράφθω
894 1812 959 1877 ἀπὸ
981 1822 1051 1876 τῶν
1074 1817 1107 1875 Α
1113 1816 1152 1894 Β,

136 1926 196 1987 ΓΔ
215 1922 445 2008 εὐθύγραμμα,
468 1920 489 1985 ἀ
507 1923 631 2004 ἔτυχεν,
655 1917 817 2003 δεδομένα
835 1929 880 2006 τῷ
900 1920 981 1984 εῖδει
999 1918 1040 1982 τά
1054 1923 1094 2001 Ε,
1110 1923 1151 1982 Ζ·

135 2027 229 2111 λέγω,
254 2029 305 2093 ότι
326 2036 387 2092 τοῦ
410 2032 442 2091 Ε
462 2027 546 2111 πρὸς
568 2026 605 2091 τὸ
631 2031 658 2090 Ζ
682 2029 780 2109 λόγος
803 2023 872 2090 ἐστὶ
896 2026 1019 2102 δοθείς.

203 2134 449 2219 ἀναγεγράφθω
477 2133 540 2218 γὰρ
569 2132 633 2197 ἀπὸ
657 2142 715 2216 τῆς
737 2137 803 2196 ΑΒ
830 2141 876 2215 τῷ
902 2135 929 2194 Ζ
957 2131 1075 2215 ὅμοιον
1097 2129 1153 2195 καὶ

136 2241 258 2323 ὁμοίως
279 2243 431 2322 κείμενον
453 2240 491 2303 τὸ
515 2242 631 2304 ΑΗΒ.
668 2237 801 2304 δέδοται
823 2235 861 2303 δὲ
883 2239 920 2302 τὸ
942 2243 970 2302 Ζ
992 2238 1153 2325 τῷεῖδει·

83 2361 116 2409 20
136 2346 268 2409 δέδοται
300 2346 364 2430 ἀρα
391 2344 446 2409 καὶ
474 2347 511 2409 τὸ
539 2350 646 2410 ΑΗΒ
678 2355 724 2433 τῷ
753 2346 842 2410 εάδει.
893 2344 977 2409 ἀλλά
1004 2346 1072 2428 μὴν
1098 2341 1153 2409 καὶ

136 2453 173 2515 τὸ
193 2456 224 2515 Ε
246 2449 378 2515 δέδοται
397 2461 442 2539 τῷ
461 2452 542 2515 εἴδει
560 2449 616 2516 καὶ
635 2450 880 2537 ἀναγέγραπται
895 2451 959 2515 ἀπὸ
973 2459 1032 2534 τῆς
1051 2450 1154 2534 αὐτῆς

136 2557 270 2632 εὐθείας
297 2566 354 2640 τῆς
381 2561 461 2622 ΑΒ·
494 2561 592 2640 λόγος
624 2560 688 2644 ἀρα
719 2567 779 2622 τοῦ
807 2563 839 2622 Ε
868 2558 951 2644 πρὸς
978 2558 1016 2621 τὸ
1044 2560 1151 2621 ΑΗΒ

98 2721 101 2728 ,
136 2663 259 2739 δοθείς.
304 2661 360 2727 καὶ
388 2663 456 2728 ἐπεὶ
484 2667 582 2747 λόγος
610 2663 679 2730 ἐστὶ
707 2674 765 2748 τῆς
791 2669 858 2729 ΑΒ
890 2665 974 2750 πρὸς
1000 2665 1063 2747 τὴν
1093 2666 1153 2727 ΓΛ

208 2861 232 2907 1.
252 2852 300 2916 καί
318 2887 353 2894 -
372 2860 396 2909 2.
417 2853 526 2927 δοθείς]
549 2855 631 2925 λόγος
654 2855 710 2909 ἐστὶ
728 2864 778 2909 τοῦ
798 2859 852 2909 ΒΕ
874 2855 944 2924 πρὸς
961 2854 1011 2910 τὸν
1033 2858 1087 2909 ΖΔ
1105 2857 1152 2909 δο-

138 2923 201 2986 θεὶς
219 2924 245 2979 λ).
330 2931 353 2979 1.
381 2925 467 2997 ἔσται]
491 2943 580 2995 comp.
600 2927 664 2981 Vat.
748 2933 772 2980 3.
796 2928 864 2998 τῶν]
889 2943 957 2980 corr.
977 2941 1012 2979 ex
1029 2925 1062 2980 τό
1081 2931 1153 2980 m.2

138 2996 201 3050 vat.
275 2994 365 3068 τρίτη]
384 2997 428 3050 bis
447 2998 473 3064 b.
547 3004 571 3052 4.
593 2995 710 3067 οὕτωςὴ
727 3002 776 3051 ΓΔ
794 2997 821 3052 b.
894 2997 946 3065 τήν
956 2995 1039 3068 (alt.)]
1061 3014 1114 3050 om.
1125 2996 1152 3049 b.

174 3073 197 3121 ὅ.
218 3067 245 3138 ὁ]
265 3084 318 3122 om.
338 3067 365 3122 b.
446 3069 498 3137 τὴν
519 3072 568 3121 ΓΔ
586 3086 611 3122 v.
695 3075 718 3122 6.
743 3068 825 3138 ὁτῆς
845 3073 895 3123 ΓΔ
913 3068 942 3124 P.
1026 3072 1051 3122 8.
1073 3067 1155 3137 λόγος

139 3169 171 3178 -
194 3139 226 3210 Ζ]
246 3155 299 3192 om.
319 3138 346 3192 b.
420 3139 536 3193 καὶτοῦ
555 3156 580 3193 ν.
655 3145 696 3193 12.
716 3137 751 3192 τὰ
769 3137 820 3194 ἀπ’
838 3141 855 3210 β
874 3142 941 3209 (non
954 3139 992 3208 b).
1068 3138 1099 3211 ἀ]
1118 3139 1154 3201 ὡς

136 3209 211 3278 Vah,
230 3209 299 3263 item
317 3208 366 3263 lin.
388 3215 428 3263 16.
510 3214 550 3263 15.
575 3209 644 3281 ἀπό]
663 3210 718 3264 ὑπό
737 3211 763 3264 b.
848 3217 888 3265 16.
910 3209 987 3280 ἔτυχε
1005 3209 1033 3263 b.
1108 3207 1153 3279 τά]

137 3297 205 3335 corr.
226 3297 260 3334 ex
277 3281 315 3334 τώ
334 3299 369 3334 m.
391 3286 406 3334 2
425 3280 489 3334 Vat.
573 3287 615 3335 17.
640 3279 682 3335 ότι
700 3280 781 3351 λόγος
800 3281 856 3335 ἐστὶ
874 3290 924 3336 τοῦ
945 3285 969 3334 Ε
991 3280 1063 3348 πρὸς
1082 3281 1155 3335 τδΖ

137 3349 236 3415 δοθείς
254 3352 288 3405 b.'
365 3356 405 3404 18.
425 3353 474 3422 τῷ]
495 3367 617 3410 τατωοκ
635 3351 666 3405 τό
685 3370 720 3406 m.
741 3358 756 3405 2
777 3370 801 3406 v.
886 3358 926 3407 19,
952 3352 1155 3421 εὐθύγραμμον

135 3422 167 3477 τὸ
182 3427 266 3476 ΑΗΒ
280 3422 377 3476 νωλτ.
432 3423 528 3491 ΑΗΒ]
548 3426 606 3476 ΑΗ
618 3423 652 3491 λ),Ι
664 3422 734 3476 item
747 3422 795 3478 lin.
807 3429 849 3492 20,
864 3429 906 3477 22.
963 3428 1006 3478 20.
1022 3421 1154 3492 λαίφη]

137 3510 220 3562 supra
239 3511 274 3546 m.
295 3497 311 3545 2
330 3510 355 3546 v.
1156 3532 1161 3542 .
