2400 3840
517 189 681 242 scflom.
1039 187 1105 253 295

93 337 126 395 A
134 333 165 394 Γ
191 332 275 416 πρὸς
307 333 343 396 τὸ
370 334 475 396 ΑΒΓ
502 334 666 418 τρίγωνον
698 335 795 415 λόγος
827 333 954 409 ὃοθείς·
988 334 1104 398 διπλό-

92 455 168 502 σιον
191 438 263 522 γάρ.

163 565 233 627 132.
272 564 319 627 Τὸ
343 563 500 648 θεώρημα
525 563 569 638 ὡς
591 561 697 640 ὀξείας
720 564 821 647 οὔσης
844 573 901 647 τῆς
923 564 988 629 ὑπὸ
1008 569 1110 630 ΒΑΓ

90 668 365 755 καταγέγραπναι.
412 668 470 734 ἐὰν
494 665 530 733 δὲ
553 668 640 755 ὀρθὴ
664 664 696 756 ᾖ,
719 669 864 735 αὐτόθεν
887 672 924 736 τὸ
946 672 1011 736 ὑπὸ
1031 676 1103 755 ΒΑ,

92 778 164 840 ΑΓ
176 777 259 858 πρὸς
276 777 313 840 τὸ
332 778 433 839 ΒΑΓ
446 779 610 859 τρίγωνον
629 780 730 858 λόγον
749 780 813 861 ἔχει
833 776 1028 862 δεδομένον·
1052 779 1101 842 ὃι-
1139 797 1155 844 5

90 882 234 947 πλαίσιον
248 884 311 967 γὰρ
326 882 430 947 αὐτοῦ
438 881 543 954 ,ἐστιν
573 883 631 947 ἐὰν
646 880 682 948 δὲ
697 883 835 968 ἀμβλεῖα
849 878 871 970 ᾖ
885 884 905 967 ἡ
920 885 985 950 ὑπὸ
996 890 1102 970 ΒΑΓ,

514 990 608 1072 ἤχθω
640 990 781 1069 κάθετος
808 991 1024 1076 ἐκβληθείσης
1046 1003 1104 1078 τῆς

517 1099 577 1161 ΓΑ
600 1095 620 1179 ἡ
643 1101 715 1162 ΒΕ.
766 1097 897 1164 δέδοται
926 1096 987 1166 οὖν
1014 1100 1034 1184 ἡ
1058 1106 1103 1165 Ε·

516 1205 604 1290 ὀρθὴ
618 1203 695 1291 γάρ·
714 1204 797 1271 ἀλλὰ
813 1204 868 1271 καὶ
882 1205 902 1289 ἡ
916 1206 981 1272 ὑπὸ
996 1212 1103 1291 ΒΑΕ,

497 1310 627 1397 ,ἐπειδὴ
650 1310 705 1376 καὶ
724 1312 744 1395 ἡ
764 1311 880 1397 ἐφεξῆς
898 1314 999 1398 αὐτῆς
1021 1314 1102 1379 ὑπό·
1123 1333 1156 1380 10

423 1453 466 1524 -Γ
515 1438 632 1483 κειται·
646 1417 702 1483 καὶ
712 1420 808 1502 λοιπὴ
824 1422 888 1505 ἄρα
902 1421 996 1504 ἡὺπὸ
1007 1425 1103 1486 ΕΒΑ

516 1523 656 1589 δέδοται.
677 1524 807 1590 δέδοται
818 1528 928 1612 ἄρατὸ
939 1530 1103 1613 τρίγωνον

91 1633 129 1696 τὸ
148 1636 245 1696 ΕΒΑ
264 1641 309 1720 τῷ
329 1632 422 1697 εἴδει·
447 1634 544 1713 λόγος
562 1633 626 1717 ἄρα
644 1639 701 1715 τῆς
719 1636 782 1696 ΕΒ
801 1634 884 1718 πρὸς
898 1638 960 1698 ΒΑ
979 1635 1103 1711 (λυθείς.

90 1736 165 1803 ἀλλ’
188 1739 232 1815 ὡς
249 1739 269 1822 ἡ
288 1742 351 1802 ΕΒ
374 1740 457 1825 πρὸς
475 1743 547 1821 ΒΑ,
570 1747 628 1820 τῆς
647 1741 716 1803 ΑΓ
733 1738 833 1822 μέσης
855 1739 1104 1825 λαμβανομένης

91 1845 198 1921 οὕτως
221 1847 257 1910 τὸ
281 1844 345 1910 ὑπὸ
369 1849 442 1928 ΕΒ,
461 1848 533 1910 ΑΓ
550 1846 632 1929 πρὸς
655 1846 692 1910 τὸ
714 1845 780 1910 ὑπὸ
803 1850 877 1929 ΒΑ,
895 1850 977 1911 ΛΓ·
1007 1851 1104 1930 λόγος
1123 1865 1156 1912 11)

89 1953 157 2034 ἄρα
171 1960 230 2016 τοῦ
245 1952 310 2017 ὑπὸ
324 1956 398 2035 ΕΒ,
414 1955 484 2016 ΑΓ
496 1953 579 2038 πρὸς
593 1953 629 2016 τὸ
643 1951 708 2017 ὑπὸ
722 1956 795 2036 ΒΑ,
809 1956 880 2017 ΑΓ
892 1954 1014 2030 ὃοθείς.
1043 1964 1103 2020 τοῦ

92 2054 129 2122 δὲ
148 2057 213 2123 ὑπὸ
232 2063 306 2143 ΕΒ,
321 2061 391 2124 ΑΓ
404 2060 486 2144 πρὸς
504 2060 541 2124 τὸ
561 2061 666 2123 ΑΒΓ
678 2061 841 2145 τρίγωνον
861 2062 958 2142 λόγος
976 2063 1102 2137 δοθείς·

92 2165 268 2230 διπλάσιον
296 2166 373 2251 γάρ·
407 2165 464 2230 ἐὰν
492 2167 555 2252 γὰρ
584 2166 639 2229 διὰ
662 2176 728 2230 τῶν
751 2172 793 2248 Α,
814 2169 846 2230 Γ
868 2177 906 2252 τῇ
930 2172 993 2232 ΕΒ
1020 2191 1103 2254 ναρ-

90 2271 255 2353 αλλήλονς
278 2271 451 2356 ἀγάγωμεν
473 2270 529 2336 καὶ
552 2275 599 2337 ἔτι
623 2273 679 2336 διὰ
701 2281 760 2336 τοῦ
784 2277 813 2336 Β
836 2284 875 2358 τῇ
899 2277 972 2357 ΕΓ,
1000 2276 1103 2359 δῆλον

90 2381 230 2461 γίνεται·
258 2377 313 2443 καὶ
336 2388 395 2443 τοῦ
419 2379 484 2444 ὑπὸ
503 2390 570 2443 τῶν
589 2383 661 2462 ΒΑ,
680 2382 750 2443 ΑΓ
767 2380 831 2465 ἄρα
849 2381 932 2466 πρὸς
950 2384 986 2447 τὸ
1006 2386 1107 2447 ΒΑΓ
1121 2396 1155 2445 20

89 2488 256 2572 τρίγωνον
278 2487 375 2568 λόγος
398 2484 467 2551 ἐστὶ
491 2487 613 2562 ὃοθείς.

165 2719 223 2766 132.
243 2712 502 2781 PIVat.Ambr.⁶9.
535 2713 595 2782 Fig.
612 2713 717 2768 addidi.

164 2967 186 3016 1.
208 2959 360 3016 διπλασίων
378 2960 408 3015 P.
490 2965 513 3013 8.
533 2960 649 3032 7‘1(alt.)]
669 2961 717 3014 καὶ
735 2960 752 3030 η
772 2982 795 3028 ο.
874 2963 914 3032 Ε]
933 2962 1003 3029 πρὸς
1021 2967 1102 3034 τῷΕ

88 3032 185 3086 Ambr.
290 3039 331 3087 10.
360 3032 394 3102 ἡ]
424 3048 476 3085 om.
501 3031 581 3086 codd.
686 3038 726 3085 11.
756 3032 851 3103 ΕΒΑ]
884 3036 964 3086 ΒΕΑ
997 3033 1100 3103 Ambr.,

90 3107 174 3157 ΕΒΔ
198 3107 262 3158 cett.
354 3109 395 3157 12.
424 3101 559 3172 τρίγωνον
581 3103 613 3156 τὸ
633 3103 728 3172 ΕΒΑ]
754 3106 833 3157 ΕΒΑ
851 3100 986 3172 τρίγωνον
1005 3105 1099 3158 Ambr.

127 3181 168 3228 15.
190 3173 288 3246 οὕτως]
309 3195 374 3229 οννο
389 3174 480 3228 PVat.
556 3175 586 3228 τὸ
605 3172 661 3227 ὑπό
674 3172 755 3243 (1111)]
775 3182 823 3228 τοῦ
842 3174 872 3228 Ρ.
960 3179 1016 3243 ΒΑ,
1030 3175 1100 3247 ΑΓ]

88 3255 145 3300 τῶν
171 3251 232 3313 ΒΑ,
251 3250 307 3300 ΑΓ
331 3245 424 3300 Ambr.
527 3250 567 3298 17.
595 3248 678 3297 ΑΒΓ
698 3242 845 3315 τρίγωνον]
874 3249 978 3299 ΑΒΓΔ
1006 3245 1100 3300 Ambr.

128 3322 169 3372 18.
199 3316 250 3372 ἐὰν
273 3316 342 3388 γαρ]
373 3334 457 3386 supra
481 3316 545 3370 add.
569 3334 604 3368 m.
629 3321 644 3368 2
670 3333 691 3368 σ.
789 3321 829 3370 19,
858 3315 925 3369 Post
952 3314 1101 3386 ἀγάγωμεν

89 3406 178 3460 habet
201 3405 252 3469 τός
275 3405 369 3460 Ambr.
395 3409 423 3459 et
447 3404 477 3458 in
499 3405 552 3458 hoe
575 3402 625 3466 τός
649 3402 753 3457 desinit
774 3405 863 3459 μόνον.
886 3397 960 3458 λειπι.
1050 3408 1100 3477 τῇ]

88 3494 228 3620 ffif‘om
253 3483 295 3602 Ξο.
316 3482 363 3530 BA
384 3509 417 3516 -
437 3477 533 3548 ΒΑΓ]
554 3492 606 3529 om.
627 3496 650 3542 ρ.
714 3480 770 3544 ΒΑ,
785 3477 853 3548 ΑΓ]
874 3479 960 3530 ΔΒΓ
976 3494 997 3530 σ.
1059 3483 1101 3531 21.
