2400 3840
124 136 170 200 20
529 131 734 184 Δοιοωωωι.

124 288 185 344 τοῦ
214 282 280 342 BA
312 272 429 340 δοθέν·
463 275 542 339 ὅλον
571 274 635 359 γὰρ
661 274 700 337 τὸ
728 276 806 367 AB·
828 269 932 337 δοθέν
965 271 1071 337 ἐστιν·
1105 273 1142 338 τὸ

125 389 194 449 BA
222 385 287 469 ἄρα
315 382 395 466 μετὰ
422 388 482 454 τοῦ
510 377 596 462 ἑξῆς,
629 378 712 465 πρὸς
739 377 757 442 δ
785 379 823 443 τὸ
850 380 920 443 ΒΓ
947 381 1051 460 λόγον
1079 380 1144 462 ἔχει

127 487 288 571 δοθέντα,
312 484 417 552 δοθέν
440 485 538 550 ἐστιν.

607 703 665 744 ια.

90 821 107 868 5
192 806 269 872 Ἐὰν
286 805 427 891 μέγεθος
445 802 609 892 μεγέθους
627 801 764 867 δοθέντι
782 804 893 885 μεῖζον
910 794 932 886 ᾖ
951 799 971 884 ἢ
991 800 1028 865 έν
1045 804 1145 890 λόγῳ,

127 915 165 976 τὸ
190 912 271 977 αὐτὸ
294 911 350 976 καὶ
373 907 629 996 συναμφοτέρου
652 908 789 973 δοθέντι
811 910 921 992 μεῖζον
945 909 1038 972 ἔσται
1064 906 1086 991 ἢ
1110 908 1146 973 έν

127 1021 232 1104 λόγῳ,
260 1016 316 1082 καὶ
344 1016 402 1082 ἐὰν
429 1017 467 1081 τὸ
490 1016 571 1082 αὐτὸ
595 1013 850 1100 συναμφοτέρου
874 1010 1012 1078 δοθέντι
1034 1017 1147 1098 μεῖζον

127 1119 149 1209 ᾗ
173 1123 193 1205 ἢ
218 1123 254 1188 ἐν
277 1126 381 1210 λόγῳ,
403 1124 441 1187 τὸ
465 1122 546 1187 αὐτὸ
569 1121 708 1187 καὶτοῦ
731 1126 850 1186 λοιποῦ
874 1118 1012 1185 δοθέντι
1030 1124 1147 1204 ,μεῖζον

127 1232 219 1293 ἔσται
242 1228 263 1311 ἢ
287 1228 323 1293 ἐν
346 1232 444 1315 λόγῳ.

74 1348 109 1397 1ο
196 1332 339 1418 μέγεθος
361 1335 425 1421 γὰρ
448 1336 485 1398 τὸ
509 1338 575 1398 AB
597 1343 659 1399 τοῦ
681 1337 749 1398 ΒΓ
767 1331 905 1400 δοθέντι
927 1337 1039 1417 μεῖζον
1062 1336 1146 1399 έστω

130 1440 151 1523 ἢ
181 1439 218 1504 έν
245 1443 347 1529 λόγῳ·
384 1438 485 1524 λέγω,
518 1441 569 1505 ὅτι
596 1440 652 1505 καὶ
679 1449 739 1505 τοῦ
767 1443 837 1504 ΑΓ
865 1437 1003 1505 δοθέντι
1036 1443 1148 1524 μεῖζόν

128 1546 221 1612 ἐστιν
243 1546 264 1628 ἢ
287 1546 324 1612 έν
347 1549 444 1634 λόγῳ.

195 1651 265 1717 ἐπεὶ
292 1654 355 1738 γὰρ
381 1654 419 1718 τὸ
443 1657 510 1717 AB
538 1661 598 1718 τοῦ
622 1656 690 1717 ΒΓ
713 1649 850 1718 δοθέντι
877 1642 989 1736 μεῖζόν
1012 1652 1105 1718 ἐστιν
1127 1651 1147 1735 ἢ

128 1758 164 1823 ἐν
188 1762 288 1845 λόγῳ,
311 1758 500 1844 ἀφῃρήσθω
523 1761 561 1824 τὸ
581 1756 685 1823 δοθὲν
703 1755 845 1842 μέγεθος
863 1760 901 1822 τὸ
920 1763 1001 1823 ΑΔ·
1026 1763 1147 1824 λοιποῦ

77 1877 111 1926 15
131 1866 195 1949 ἄρα
213 1873 274 1929 τοῦ
292 1869 359 1929 ΑΒ
378 1866 461 1951 πρὸς
478 1866 516 1930 τὸ
535 1868 603 1929 ΒΓ
619 1868 717 1946 λόγος
736 1862 805 1929 ἐστὶ
823 1864 947 1941 δοθείς.
980 1863 1148 1931 ἀνάπαλιν

127 1970 184 2035 καὶ
206 1969 366 2036 συνθέντι
390 1974 488 2052 λόγος
510 1970 580 2036 ἐστὶ
603 1979 663 2036 τοῦ
684 1973 745 2035 ΓΔ
767 1971 851 2056 πρὸς
868 1972 905 2035 τὸ
924 1974 992 2034 AB
1016 1971 1145 2048 δοθείς·

128 2077 147 2143 δ
171 2062 271 2154 αὐτὸς
289 2078 379 2165 αὐτῷ
397 2075 559 2159 γεγονέτω
579 2077 596 2142 ὁ
615 2085 676 2142 τοῦ
695 2082 761 2141 ΑΔ
783 2078 867 2162 πρὸς
884 2078 921 2141 τὸ
939 2080 1024 2142 ΔΕ·
1048 2079 1148 2160 λόγος

123 2185 194 2269 Ιόλροι
213 2182 268 2247 καὶ
287 2191 347 2248 τοῦ
361 2188 427 2246 ΑΔ
445 2185 528 2268 πρὸς
546 2184 583 2247 τὸ
597 2188 667 2247 ΔΕ
683 2183 811 2258 δοθείς·
835 2179 940 2247 δοθὲν
959 2179 996 2247 δέ
1013 2184 1052 2246 τὸ
1067 2188 1147 2247 ΑΔ·

130 2285 235 2352 δοθέν
258 2291 322 2372 ἄρα
339 2286 395 2351 καὶ
414 2288 451 2352 τὸ
465 2292 545 2352 ΔΕ·
570 2289 653 2353 ὥστε
674 2287 730 2353 καὶ
754 2291 872 2353 λοιπὸν
894 2289 932 2352 τὸ
950 2293 1018 2352 ΕΑ
1042 2287 1147 2354 δοθέν

75 2406 112 2455 20
133 2393 232 2458 ἐστιν.
279 2396 349 2457 ἔστι
375 2389 413 2457 δέ
439 2392 495 2457 καὶ
523 2393 604 2458 ὅλου
631 2403 691 2458 τοῦ
715 2398 786 2459 ΑΓ
807 2395 892 2480 πρὸς
919 2394 999 2460 ὅλον
1021 2396 1059 2459 τὸ
1083 2399 1146 2460 ΕΒ

130 2501 228 2580 λόγος
252 2500 378 2575 δοθείς·
407 2499 491 2564 ὥστε
512 2497 568 2564 καὶ
591 2509 651 2564 τοῦ
674 2504 744 2565 EB
760 2501 844 2586 πρὸς
867 2503 938 2565 ΑΓ
955 2502 1054 2582 λόγος
1076 2498 1147 2566 ἐστὶ

129 2605 253 2680 δοθείς.
298 2607 358 2669 καί
373 2604 442 2670 ἐστι
461 2603 566 2670 δοθὲν
589 2608 626 2671 τὸ
650 2611 729 2671 ΑΕ·
753 2608 790 2670 τὸ
814 2610 880 2671 BA
907 2607 973 2692 ἄρα
993 2614 1057 2670 τοῦ
1080 2610 1152 2671 ΑΓ

129 2708 267 2774 δοθέντι
291 2713 401 2794 μεῖζόν
423 2711 515 2776 ἐστιν
537 2709 558 2793 ἢ
582 2711 618 2776 έν
641 2715 739 2799 λόγῳ.

197 2816 280 2881 ἀλλὰ
308 2817 349 2899 δὴ
377 2818 414 2880 τὸ
444 2821 511 2881 BA
538 2816 794 2903 συναμφοτέρου
821 2827 882 2882 τοῦ
910 2820 981 2882 ΑΓ
1007 2815 1147 2884 δοθέντι

204 3049 227 3097 1,
248 3041 313 3097 όλον
331 3075 367 3083 -
385 3042 472 3114 ἐστιν]
492 3060 545 3098 om.
566 3060 591 3096 a.
682 3041 748 3115 γάρ]
768 3043 823 3111 ἄρα
842 3043 872 3096 Ρ.
963 3049 988 3096 2.
1008 3043 1078 3112 μετὰ
1096 3053 1147 3100 τοῦ

132 3113 205 3184 ἑξῆς]
225 3110 291 3181 μεθ’
314 3110 347 3168 οὗ
366 3131 391 3168 a.
483 3120 507 3168 ὅ.
527 3112 665 3177 δοθέντος
680 3116 708 3195 β.
800 3121 824 3168 6.
849 3113 936 3185 ἔσται]
956 3130 1046 3184 comp.
1066 3115 1146 3183 Vat.;

130 3184 201 3237 item
219 3184 268 3237 lin.
284 3189 308 3238 9.
383 3189 406 3238 7.
427 3184 629 3258 συναμφοτέρῳ
647 3185 712 3254 (bls)
731 3185 756 3255 β.
831 3189 872 3239 10.
892 3182 1032 3254 μεγέθους
1049 3194 1101 3242 τοῦ
1121 3203 1147 3241 a.

169 3260 209 3307 11.
233 3252 294 3326 καί]
314 3271 367 3309 om.
386 3272 412 3308 v.
498 3256 567 3310 Post
585 3253 634 3310 καί
657 3256 721 3310 add.
740 3256 772 3310 τὸ
791 3255 860 3310 αότδ
878 3255 910 3309 τὸ
929 3260 979 3310 ΑΒ
998 3272 1024 3310 ο.
1105 3262 1147 3312 16.

131 3323 205 3379 ἐστίν
224 3342 250 3393 v,
270 3329 299 3379 et
318 3326 358 3379 sic
376 3342 426 3396 per
443 3328 495 3381 tot.
515 3344 625 3397 propos.
640 3328 753 3395 praeter
770 3326 788 3380 l.
805 3332 838 3380 16
858 3329 887 3380 et
904 3343 931 3396 p.
946 3331 989 3394 22,
1004 3332 1046 3381 12.
1104 3333 1147 3383 18.

130 3393 191 3464 καί]
211 3412 264 3450 om.
284 3396 348 3452 Vat.
429 3397 461 3452 τό
477 3399 550 3468 (pr.)]
570 3414 623 3452 om.
643 3414 667 3452 a.
750 3403 792 3451 21.
812 3397 843 3451 τὸ
861 3403 884 3450 A
892 3401 918 3450 Γ
932 3396 1029 3452 Vat.v.
1104 3405 1147 3453 22.

130 3471 153 3518 A
161 3467 195 3536 Ε]
216 3470 267 3520 EA
286 3484 310 3521 a.
384 3469 433 3522 καλ
451 3468 483 3522 τό
502 3485 526 3522 ο.
