2400 3840
531 149 637 202 orm.
1028 149 1092 212 115

79 291 120 354 ad
137 290 477 374 parallelogrammum
495 290 655 354 rationem
673 290 773 355 habel
792 292 910 376 datam,
927 293 1095 377 parallelo-

78 417 261 481 grammum
285 396 397 460 datum
420 400 470 460 est
493 396 609 479 speeie.

145 523 223 564 nam
252 501 334 565 duae
364 506 472 565 rectae
495 505 571 585 AB,
590 504 651 565 ΓΛ
677 501 763 566 inter
790 525 824 566 se
851 503 1012 567 rationem
1038 503 1095 568 ha·

77 608 179 672 beant
204 607 323 692 datam,
346 611 379 671 el
402 607 605 671 describatur
627 607 663 671 in
681 611 746 672 AB
770 610 875 693 figura
894 609 1000 691 speeie
1020 610 1096 673 data

76 717 193 795 ΑΕΒ,
219 712 256 775 in
279 715 341 776 ΓΛ
368 717 478 777 aulem
500 713 842 798 parallelogrammum
863 721 897 779 Δ
904 719 931 778 Ζ
957 715 993 778 in
1016 715 1092 778 dato

78 819 199 904 angulo
225 821 337 903 ZPA,
365 821 398 883 et
421 819 506 882 ratio
530 818 653 904 figurae
677 823 740 883 ΕΒ
769 820 809 883 ad
830 820 1094 905 parallelogram-

77 947 169 989 mum
194 929 256 988 ΖΛ
278 924 353 987 data
377 923 429 988 sil.
476 925 562 1009 dieo,
587 924 928 1009 parallelogrammum
951 930 1018 989 ΛΖ
1042 926 1094 989 da-

77 1034 151 1095 tum
173 1051 243 1095 esse
267 1030 382 1114 speeie.

146 1135 348 1200 describatur
363 1137 449 1201 enim
462 1137 497 1200 in
507 1141 572 1200 AB
586 1137 891 1221 parallelogrammo
903 1143 937 1201 Δ
945 1142 972 1201 Ζ
987 1137 1092 1201 simile

78 1246 113 1307 et
137 1241 288 1306 similiter
301 1241 455 1326 positum
477 1243 818 1328 parallelogrammum
840 1248 918 1308 AH
939 1239 1093 1329 [V1‚r8].

435 1347 589 1431 quoniam
621 1348 706 1412 ratio
739 1353 827 1412 AB:
843 1353 904 1413 ΓΔ
933 1349 1010 1413 data
1042 1351 1092 1412 est

435 1458 468 1518 el
495 1453 530 1517 in
552 1457 633 1539 AB,
653 1457 713 1518 ΓΔ
742 1455 921 1537 deseriplae
945 1459 1022 1518 sunl
1052 1454 1093 1518 si·

434 1559 527 1623 miles
563 1564 596 1623 el
629 1559 780 1624 simililer
811 1559 937 1643 positae
969 1560 1092 1643 figurae

433 1664 617 1730 reotiljrreae
634 1668 715 1749 ΑΗ,
731 1669 805 1750 ΖΔ,
823 1664 907 1729 ratio
923 1670 956 1728 A
962 1668 1002 1727 H
1008 1687 1015 1727 :
1028 1669 1093 1728 ΖΛ

434 1771 509 1834 data
537 1770 599 1834 eril
631 1769 735 1853 [prop.
759 1769 810 1853 L].
862 1791 975 1833 uerum
1007 1769 1091 1833 raldo

435 1880 501 1939 ΖΛ
519 1899 526 1938 :
544 1875 608 1939 ΕΒ
642 1876 717 1939 dala
749 1880 807 1939 est.
863 1896 961 1958 quare
992 1875 1091 1939 eliam

433 1981 518 2045 ratio
533 1985 596 2044 ΕΒ
607 2005 614 2044 :
625 1984 702 2044 ΑΗ
714 1981 789 2045 dala
804 1985 854 2045 esl
870 1979 1091 2065 [prop.Vl]l].

83 2061 114 2121 Θ
330 2059 371 2112 H
433 2091 466 2151 elz
489 2091 623 2162 [ΒΑΘ
648 2087 742 2150 dolus
762 2090 824 2170 esl3
847 2109 924 2150 nam
947 2085 1091 2169 aequalis

89 2152 240 2362 ΖΕ
433 2199 483 2258 ea
507 2193 626 2278 angu0
652 2195 747 2256 zm
771 2191 833 2276 [vr
851 2191 912 2256 def.
935 2192 979 2275 η.
1025 2191 1090 2255 am

435 2300 587 2383 quoniam
615 2299 711 2363 lateri
735 2303 800 2362 AB
833 2299 956 2382 figurae
986 2296 1090 2381 speeie

435 2407 528 2470 datae
555 2410 619 2471 ΕΒ
652 2405 851 2489 adplicatum
879 2407 928 2468 esl
955 2408 1032 2467 AH
1056 2403 1092 2467 in

78 2513 156 2577 dato
184 2512 303 2596 angulo
330 2516 424 2576 ΘΑΒ
450 2516 483 2575 et
510 2512 594 2575 ratio
618 2512 741 2597 figurae
766 2513 829 2574 ΕΒ
859 2511 900 2574 ad
921 2509 1091 2594 parallelo-

79 2640 262 2706 grammum
298 2621 380 2681 ΑΗ
417 2618 492 2682 dala
529 2621 594 2702 est,
635 2621 716 2681 ΑΗ
749 2617 861 2681 datum
898 2620 947 2681 est
984 2615 1090 2700 speeie

79 2725 184 2809 [prop.
199 2722 298 2807 LXI}
338 2727 372 2788 et
390 2723 496 2788 simile
516 2728 565 2787 eal
583 2723 888 2809 parallelogrammo
905 2727 974 2787 ΖΛ.
1011 2744 1090 2807 ergo

79 2831 180 2895 etiam
204 2835 265 2894 ΖΔ
288 2831 473 2895 detumeat
497 2827 603 2913 speeie
628 2827 704 2912 [def.
721 2827 765 2912 3].

81 2351 117 2404 Γ
236 2350 267 2406 Δ
