2400 3840
508 175 672 229 scnom.
1025 176 1090 242 315

461 372 513 436 Ad
536 396 626 459 prop.
649 371 714 439 XO.

147 496 219 560 191.
251 498 321 561 Καί
337 495 426 561 ἐστιν
444 497 533 583 ὀρθή
555 522 586 583 p.
607 500 680 584 176,
700 498 755 583 18]
780 500 891 564 διὰτὸ
911 498 958 583 ιη’
977 509 1036 564 τοῦ
1056 499 1090 583 γ’

76 605 211 687 βιβλίου
234 615 301 668 τῶν
324 607 504 688 στοιχείων.

147 729 217 794 192.
255 730 303 794 Τὸ
327 730 392 814 ἄρα
410 727 462 794 εἰιδ
482 737 540 812 τῆς
557 732 629 793 ΛΓ
648 753 679 813 p.
696 729 769 814 176,
789 730 845 814 19]
870 730 926 793 διὰ
948 731 985 794 τὸ
1010 729 1088 794 ἀνοί-

75 843 177 905 παλιν
203 844 263 899 τοῦ
287 836 332 905 ις’
355 836 571 921 θεωρήματος
597 844 657 900 τοῦ
681 834 714 919 γ’
737 839 871 919 βιβλίου
893 838 1087 902 Εὐκλείδου.
1125 848 1141 896 5

395 1057 400 1077 ²
439 1068 491 1133 Ad
513 1089 604 1153 prop.
627 1065 727 1132 XCII.

146 1194 216 1260 193.
248 1190 365 1259 Λοθὲν
388 1194 452 1278 ἄρα
475 1191 543 1257 ἐστὶ
561 1194 599 1257 τὸ
617 1192 682 1257 ὑπὸ
701 1202 769 1256 τῶν
789 1195 859 1275 ΖΑ,
876 1196 945 1257 ΑΕ
966 1216 996 1276 p.
1013 1194 1087 1278 180,

76 1300 230 1385 10-11]
263 1309 366 1365 ταῦτα
398 1298 561 1364 δέδεικται
594 1297 629 1363 ἐν
661 1308 707 1387 τῷ
740 1302 860 1386 σχολίῳ
893 1308 938 1387 τῷ
973 1298 1009 1364 ἐν
1039 1309 1085 1388 τῷ

74 1410 258 1492 ἐπάνωθεν,
283 1408 366 1473 ὅπου
389 1417 525 1490 σημεῖον
548 1407 623 1470 τόδε
653 1403 730 1492 >'<·.¹)

142 1534 215 1599 194.
248 1534 318 1596 Καί
339 1530 429 1596 ἐστιν
453 1536 526 1594 ίσον
553 1553 583 1614 p.
606 1529 757 1612 180,11]
787 1529 831 1605 ὡς
859 1529 1021 1594 δέδεικται
1049 1530 1084 1595 ἐν
1104 1540 1138 1588 1ο

73 1651 119 1730 τῷ
142 1639 176 1723 γ’
196 1641 314 1727 βιβλίῳ
338 1638 523 1703 Εὐκλείδου
547 1634 583 1700 ἐν
605 1645 650 1723 τῷ
675 1633 722 1700 λε’
745 1637 945 1721 θεωρήματι.

426 1851 479 1916 Ad
500 1872 591 1935 prop.
614 1847 731 1915 XCIII.

143 1977 216 2042 195.
253 1980 317 2059 Τῆς
344 1975 431 2040 κάτω
454 1999 484 2060 p.
506 1975 582 2056 180,
602 1975 659 2058 20]
686 1973 833 2039 τουτέστι
855 1982 912 2056 τῆς
934 1974 999 2039 ὑπὸ
1022 1976 1084 2058 τὴν

72 2085 233 2170 ἀχθεῖσαν
256 2080 311 2146 καὶ
332 2081 632 2165 ἀπολαμβάνουσαν
654 2082 691 2144 τὸ
714 2089 822 2165 τμῆμα
845 2082 881 2145 τὸ
905 2081 1083 2166 δεχόμενον

70 2194 133 2276 τὴν
156 2187 337 2274 δεδομένην
359 2191 493 2271 γωνίαν.
1103 2198 1134 2247 15

141 2316 212 2381 196.
245 2315 313 2380 Λιολ
335 2314 376 2379 τὰ
394 2312 477 2377 αὐτὰ
496 2313 538 2395 δή
561 2335 591 2396 p.
607 2311 681 2393 182,
701 2310 757 2395 11]
780 2309 800 2392 ἡ
820 2312 883 2396 γὰρ
902 2311 967 2376 ὑπὸ
987 2316 1083 2376 ΒΑΛ

69 2418 202 2509 ἡμίσεια
225 2418 309 2487 οὖσα
331 2430 389 2504 τῆς
410 2419 476 2484 ὑπὸ
500 2422 600 2483 ΒΑΓ
617 2420 774 2501 δοθείσης
798 2418 937 2483 δοθελσοί
961 2417 1059 2484 ε’στιν.

140 2547 213 2611 197.
239 2544 355 2610 Ἔστιν
383 2546 447 2630 ἄρα
475 2544 519 2620 ὡς
546 2544 567 2628 ἡ
590 2548 652 2608 ΒΑ
674 2566 705 2627 p.
727 2543 879 2629 182,14]
908 2544 1024 2608 διὰτὸ
1047 2541 1081 2628 χ’

68 2653 229 2738 θεώρημα
251 2659 311 2715 τοῦ
335 2649 367 2719 ς’
389 2653 522 2734 βιβλίου
544 2661 612 2715 τῶν
634 2654 814 2734 στοιχείων.

141 2883 166 2949 1)
185 2879 264 2933 Idem
282 2878 394 2948 signum
411 2876 555 2931 inuenitur
574 2876 611 2931 ad
630 2876 716 2931 schol.
736 2840 800 2946 app..
819 2896 859 2931 nr.
879 2882 922 2932 41.

140 3099 199 3148 191.
218 3093 248 3147 P.
332 3096 392 3145 192.
416 3091 507 3144 PVat.
593 3096 652 3145 193.
671 3089 701 3145 P.
788 3091 931 3144 191.Ρ1λ.
1019 3097 1078 3146 195.

67 3164 248 3218 PlVat.v02.
305 3162 444 3216 196.Ρ11.
501 3161 661 3216 197.Ρ11λ.

139 3382 163 3431 5.
183 3374 292 3448 βιβλίου
308 3375 474 3500 Εωκλείδουέ
492 3383 548 3430 τῶν
563 3371 703 3444 στοιχείων
721 3375 787 3430 Vat.
843 3380 884 3429 11.
903 3376 951 3446 τῷ]
971 3392 1024 3429 om.
1039 3374 1077 3428 Ιλ.

104 3453 145 3503 13.
170 3448 244 3502 Ante
266 3445 390 3503 τουτέστι
413 3447 450 3502 ad
472 3491 478 3502 .
498 3445 615 3517 σχόλιον.
636 3448 745 3516 (comp.)
759 3446 778 3499 l.
869 3450 910 3499 14.
935 3442 999 3516 καί]
1023 3463 1077 3502 om.

65 3520 161 3575 Vana.
235 3525 276 3574 19.
296 3520 362 3591 τῶν]
382 3537 435 3574 om.
454 3519 507 3573 Pv.
582 3515 734 3589 στοιχείων]
754 3514 908 3573 Εὐκλείδου
926 3535 952 3571 v.
