2400 3840
140 184 205 248 218
553 187 743 238 APPENDIX.

141 330 282 394 δοθεῖσα
314 330 379 413 ἄρα
410 326 465 392 καὶ
497 328 517 411 ἡ
546 333 594 393 Μ.
639 331 709 393 ἔστι
741 325 779 393 δὲ
805 325 861 393 καὶ
888 329 908 413 ἡ
938 332 970 392 A
1002 329 1153 394 δοθεῖσα·

141 437 240 517 λόγος
263 436 327 520 ἄρα
349 443 407 518 τῆς
430 439 461 499 A
488 436 572 519 πρὸς
593 437 655 519 τὴν
678 440 722 499 Μ
744 436 868 511 δοθείς.
913 432 970 498 καὶ
984 433 1066 500 ’ἐπεὶ
1091 437 1154 500 λσο·

141 543 266 625 γώνιόν
289 541 358 606 ἐστι
381 543 418 606 τὸ
442 548 474 606 A
497 551 542 629 τῷ
566 546 606 624 Β,
631 542 668 606 τὸ
692 547 725 605 Α
747 543 812 627 ἄρα
834 543 918 625 πρὸς
941 542 978 606 τὸ
1003 545 1032 606 Β
1057 544 1155 625 λόγον

141 651 207 732 ἔχει
234 649 293 712 τὸν
321 651 536 732 συγκείμενον
565 646 600 712 ἐκ
627 658 695 712 τῶν
721 653 890 733 πλευρῶν,
922 646 1099 713 τουτέστιν
1125 645 1154 726 ἐξ

106 763 123 812 5
142 749 183 818 οὗ
207 753 246 818 ὃν
269 757 334 837 ἔχει
353 757 454 836 λόγον
472 755 492 838 ἡ
513 758 574 819 ΓΔ
596 754 680 838 πρὸς
698 755 759 837 τὴν
777 757 851 836 ΕΖ,
873 751 968 838 καὶὴ
990 757 1058 819 ΘΓ
1077 756 1156 840 πρὸς

141 861 202 943 τὴν
225 864 303 924 ΗΕ.
351 859 435 924 ἀλλὰ
457 861 523 943 μὴν
545 857 601 924 καὶ
624 860 644 944 ἡ
668 863 704 923 Κ
722 860 806 944 πρὸς
827 861 889 943 τὴν
912 863 944 923 A
967 862 1071 943 λόγον
1093 863 1156 945 ἔχει

141 967 201 1031 τὸν
224 969 441 1051 συγκείμενον
464 967 500 1031 ἐκ
523 975 583 1031 τοῦ
607 965 646 1031 ὃν
669 968 735 1050 ἔχει
757 966 778 1050 ἡ
797 969 833 1029 Κ
852 966 936 1050 πρὸς
958 967 1020 1050 τὴν
1039 972 1086 1032 Μ
1103 965 1155 1032 καὶ

141 1073 162 1156 ἡ
189 1077 234 1136 Μ
255 1074 338 1158 πρὸς
364 1074 426 1156 τὴν
450 1076 494 1136 A·
527 1072 545 1137 6
573 1074 637 1158 ἄρα
665 1075 879 1156 συγκείμενος
905 1075 1004 1154 λόγος
1033 1072 1070 1138 ἐκ
1098 1081 1155 1138 τοῦ

142 1177 182 1241 ὃν
205 1181 270 1261 ἔχει
293 1177 313 1260 ἡ
338 1182 400 1243 ΓΔ
421 1179 505 1264 πρὸς
527 1180 588 1261 τὴν
606 1182 670 1242 ΕΖ
692 1177 749 1243 καὶ
771 1178 791 1262 ἡ
817 1182 885 1243 ΘΓ
900 1180 985 1264 πρὸς
1007 1180 1071 1262 τὴν
1089 1184 1159 1244 ΗΕ

90 1283 159 1348 106
183 1284 283 1359 αὐτός
306 1282 374 1348 ἐστι
397 1293 443 1372 τῷ
467 1283 669 1372 συγκειμένῳ
699 1283 731 1363 ἐξ
760 1280 802 1350 οὗ
824 1283 864 1350 ὃν
887 1287 952 1368 ἔχει
975 1286 995 1369 ἡ
1020 1288 1056 1348 Κ
1075 1286 1158 1371 πρὸς

142 1390 202 1472 τὴν
225 1394 270 1453 Μ
287 1387 343 1454 καὶ
365 1390 386 1474 ἡ
405 1394 450 1453 Μ
466 1391 550 1476 πρὸς
572 1392 633 1474 τὴν
652 1395 697 1475 A,
722 1385 770 1456 ὧν
789 1391 806 1456 6
830 1399 888 1475 τῆς
907 1394 968 1455 ΓΔ
989 1392 1075 1475 πρὸς
1098 1394 1158 1476 τὴν

141 1500 205 1560 ΕΖ
228 1499 327 1579 λόγος
349 1497 367 1562 6
391 1497 491 1572 αὐτός
514 1496 583 1562 ἐστι
606 1508 651 1585 τῷ
676 1506 734 1581 τῆς
752 1501 788 1561 Κ
806 1498 890 1582 πρὸς
911 1498 973 1580 τὴν
991 1501 1035 1561 Μ
1055 1500 1158 1585 λόγῳ·

141 1604 256 1678 λοιπὸς
283 1604 347 1688 ἄρα
375 1603 393 1668 6
421 1611 479 1687 τῆς
504 1607 571 1668 ΘΓ
595 1605 679 1690 πρὸς
706 1605 767 1687 τὴν
789 1607 862 1668 ΗΕ
891 1605 990 1685 λόγος
1015 1602 1034 1667 6
1058 1604 1159 1680 αὐτός

141 1709 210 1774 ἐστι
234 1718 279 1796 τῷ
303 1717 361 1792 τῆς
384 1714 428 1773 Μ
449 1710 534 1795 πρὸς
556 1712 617 1794 τὴν
641 1714 680 1774 Α.
727 1719 785 1794 τῆς
807 1706 845 1773 δὲ
867 1713 913 1774 M
934 1709 1018 1793 πρὸς
1041 1711 1105 1793 τὴν
1128 1713 1159 1775 A

89 1820 122 1870 15
141 1818 240 1896 λόγος
262 1816 390 1891 δοδείς·
423 1818 522 1899 λόγος
544 1818 608 1901 ἄρα
635 1814 691 1881 καὶ
712 1824 771 1899 τῆς
797 1818 864 1880 ΘΓ
885 1816 969 1900 πρὸς
995 1816 1058 1899 τὴν
1087 1820 1162 1880 ΕΗ

142 1922 265 1997 δοθείς.

624 2029 675 2092 17.

490 2134 542 2199 Ad
564 2157 655 2217 prop.
678 2132 809 2197 LXXX.

567 2256 722 2334 Ἄλλως.

89 2386 123 2436 20
197 2378 306 2445 Ἔστω
334 2385 500 2466 τρίγωνον
527 2383 564 2446 τὸ
588 2386 694 2447 ΑΒΓ
720 2380 903 2465 δεδομένην
930 2383 1008 2464 ἔχον
1030 2386 1161 2464 γωνίαν

142 2487 203 2569 τὴν
225 2487 308 2570 πρὸς
330 2497 376 2574 τῷ
396 2494 438 2571 A,
461 2491 559 2570 λόγος
581 2485 619 2552 δὲ
642 2491 724 2553 ἔστω
748 2497 808 2553 τοῦ
831 2487 896 2552 ὑπὸ
914 2498 982 2552 τῶν
1001 2491 1076 2568 BA,
1091 2494 1126 2552 Α
1132 2490 1166 2551 Γ

141 2592 224 2676 πρὸς
251 2591 288 2655 τδ
315 2590 379 2657 ἀπὸ
408 2602 466 2677 τῆς
490 2597 550 2658 ΓΒ
578 2593 707 2669 δοθείς·
744 2593 844 2678 λέγω,
877 2594 928 2659 ὅτι
955 2592 1090 2658 δέδοται
1119 2594 1158 2658 τὸ

141 2699 248 2762 ΑΒΓ
264 2701 429 2783 τρίγωνον
452 2709 497 2787 τῷ
521 2700 610 2764 εἴδει.

209 2802 278 2869 ἐπεὶ
304 2805 368 2890 γὰρ
396 2805 536 2870 δοθείσοί
563 2805 654 2871 ἐστιν
682 2806 703 2890 ἡ
729 2805 795 2870 ὑπὸ
820 2816 888 2871 τῶν
911 2808 1013 2870 ΒΑΓ
1040 2809 1158 2889 γωνία,

89 2904 169 2998 2593
201 2912 266 2995 ἄρα
293 2913 402 2995 μειῗόν
430 2910 499 2976 ἐστι
525 2913 563 2976 τὸ
592 2911 655 2976 ἀπὸ
689 2909 945 2998 συναμφοτέρου
974 2920 1034 2995 τῆς
1061 2913 1165 2976 ΒΑΓ

140 3026 200 3081 τοῦ
229 3015 292 3081 ἄκδ
320 3020 397 3100 ΒΓ,
430 3017 536 3082 ἐκεῖνο
565 3019 603 3083 τὸ
630 3020 755 3104 χωρίον
782 3018 866 3102 πρὸς
892 3018 929 3082 τὸ
958 3020 1062 3082 ΒΑΓ
1087 3020 1160 3103 τρί·

141 3146 252 3205 γωνον
284 3125 385 3205 λόγον
417 3125 482 3206 ἔχει
513 3121 703 3206 δεδομένον.
757 3115 792 3211 ᾦ
811 3124 853 3206 δή
881 3123 951 3188 ἐστι
978 3126 1090 3207 μεῖζον
1118 3124 1157 3187 τὸ

214 3320 237 3368 1.
259 3313 332 3370 ἔστιν
350 3333 376 3368 v.
454 3315 535 3386 211]
555 3315 649 3368 PAb.
723 3312 799 3387 ἐκεί]
819 3332 872 3369 om.
891 3314 919 3369 b.
999 3319 1024 3368 3.
1044 3313 1157 3386 A(pr.)]

142 3401 194 3439 om.
214 3385 292 3452 Μυός
311 3387 343 3442 τὸ
362 3384 419 3452 ἄρα
437 3391 459 3438 Α
477 3403 514 3440 m.
534 3392 558 3441 2.
645 3390 670 3439 4.
690 3393 745 3440 τῶν
763 3387 901 3458 πλευρῶν]
919 3393 969 3456 τῆς
987 3388 1110 3455 πλευρᾶς
1129 3384 1157 3439 b.

177 3460 200 3509 5.
222 3451 266 3528 οὗ]
287 3455 319 3512 ὃν
338 3457 366 3527 b,
390 3473 474 3526 supra
493 3473 561 3510 corr.
580 3473 616 3509 m.
637 3461 661 3510 1.
738 3456 833 3529 λόγον]
853 3474 906 3511 om.
925 3474 952 3510 v.
1034 3463 1060 3511 6.
1081 3456 1157 3527 HE]

142 3527 203 3579 ΕΗ
213 3525 334 3582 Vat.vb.
386 3524 566 3597 συγκείμενον
582 3525 734 3597 ἕχειλόγον
749 3527 882 3598 (νηκτόν)
896 3527 923 3581 b.
977 3532 1001 3580 7.
1015 3526 1034 3597 ἡ
1049 3531 1079 3582 K
1086 3531 1158 3582 -9.
