2400 3840
519 211 625 264 DATA.
791 150 795 160 Ι
1015 208 1077 272 181

136 377 212 419 nam
235 353 322 418 intra
346 353 502 419 circulum
524 353 687 438 positione
711 353 823 417 datum
847 356 915 417 ΒΓ
933 358 1079 418 sumatur

67 466 225 546 punctum
254 461 384 546 aliquod
411 461 522 525 datum
544 467 591 547 A,
623 465 656 526 et
683 483 741 546 per
763 466 796 524 A
828 462 964 525 ducatur
990 463 1080 525 recta

68 567 178 651 aliqua
202 571 270 632 ΓΒ.
316 566 388 632 dico
398 617 407 651 ‚
431 568 542 631 datum
566 589 636 632 esse
660 571 720 632 ΓΑ
734 584 777 637 ><
791 571 867 632 ΑΒ.

491 678 638 738 sumatur
652 674 738 738 enim
754 679 899 739 centrum
915 673 1027 738 circuli
1038 678 1081 758 A,

314 851 315 855 η
442 783 474 843 et
497 780 593 843 ducta
616 785 682 843 ΑΔ
703 781 901 865 producatur
924 781 964 844 ad
987 784 1023 864 Z,
1041 784 1078 844 E.

440 885 506 949 iam
530 885 683 968 quoniam
706 886 818 951 datum
837 891 887 950 est
905 890 1079 968 utrumque

442 998 488 1077 A,
515 997 565 1076 A,
602 991 665 1057 crit
700 998 771 1056 AA
806 992 968 1076 positione
1005 992 1082 1057 data

442 1099 547 1183 [prop.
574 1097 706 1183 xxvi]
764 1122 877 1164 uerum
900 1099 998 1165 etiam
1022 1099 1081 1164 cir-

346 1252 381 1304 Γ
442 1205 537 1270 culus
566 1209 668 1270 ΓΒΖ
700 1206 862 1290 positione
896 1207 990 1272 datus
1023 1211 1080 1271 est.

441 1312 551 1396 itaque
578 1317 750 1396 utrumque
776 1318 816 1397 Z,
835 1319 867 1378 E
892 1315 1005 1378 datum
1032 1319 1082 1378 est

443 1418 671 1503 [prop.XXV].
692 1442 804 1484 uerum
814 1420 913 1497 etiam
924 1427 956 1484 A
970 1420 1081 1484 datum

70 1530 128 1589 est.
179 1547 277 1608 quare
305 1529 441 1608 utraque
467 1530 540 1609 ΖΑ,
559 1531 628 1590 ΑΕ
649 1528 725 1591 data
751 1532 800 1592 est
824 1526 928 1610 [prop.
947 1524 1080 1609 XXVH.

69 1632 182 1715 itaque
215 1635 280 1695 ΖΑ
298 1647 341 1700 ><
361 1636 430 1696 AE
460 1632 572 1695 datum
604 1637 654 1696 est
692 1631 795 1717 [prop.
821 1632 907 1716 Lm.
966 1637 999 1697 ct
1031 1636 1081 1696 est

73 1742 134 1801 ΖΑ
143 1752 186 1805 ><
197 1743 265 1802 ΑΕ
274 1769 315 1790 =
326 1742 389 1802 BA
399 1754 442 1805 ><
452 1742 519 1803 AF
530 1737 603 1822 [HL
614 1738 680 1822 35].
704 1759 781 1823 ergo
792 1739 891 1803 etiam
902 1743 962 1804 ΓΑ
969 1755 1011 1807 ><
1020 1743 1082 1802 ΑΒ

70 1845 182 1908 datum
206 1849 255 1909 est
279 1845 354 1928 [def.
376 1845 417 1928 l].
464 1843 466 1851 ’

209 737 242 788 Ε

217 1394 239 1442 Ζ

472 2039 476 2050 “
518 2029 635 2104 XCIII.

140 2161 174 2227 Si
207 2163 248 2227 ad
280 2163 436 2227 circulum
468 2163 691 2249 magnitudine
729 2165 841 2228 datum
877 2168 966 2228 recta
997 2163 1083 2228 linea

75 2269 202 2333 ducitur
233 2269 425 2334 abscindens
458 2275 661 2354 segmentum
697 2271 809 2334 datum
847 2269 1001 2356 angulum
1033 2293 1083 2336 ca-

72 2375 178 2458 piens,
202 2379 234 2439 et
258 2375 396 2460 angulus
419 2376 455 2439 in
475 2381 644 2462 segmento
662 2377 790 2463 positus
812 2375 848 2441 in
871 2378 950 2442 duas
973 2382 1081 2460 partes

74 2481 224 2564 aequales
253 2481 422 2566 diuiditur,
451 2505 576 2548 summa
603 2488 764 2550 rectarum
792 2485 904 2549 datum
928 2483 1083 2570 angulum

75 2587 416 2670 comprehendentium
440 2590 637 2676 admotam,
663 2613 744 2674 quae
768 2591 922 2675 angulum
945 2591 979 2654 in
1003 2591 1081 2655 duas
1177 2627 1178 2630 κ

74 2696 184 2775 partes
199 2695 347 2778 aequales
359 2695 485 2781 diuidit,
497 2696 658 2761 rationem
672 2697 806 2761 habebit
822 2698 941 2782 datam,
959 2701 992 2760 et
1001 2701 1083 2760 rect-

74 2799 230 2882 angulum
249 2802 517 2885 comprehensum
536 2825 662 2867 summa
676 2807 838 2867 rectarum
853 2803 964 2867 datum
983 2824 1082 2887 angu-

74 2903 143 2968 lum
167 2908 505 2990 comprehendentium
534 2913 567 2973 et
589 2910 679 2973 recta
700 2907 786 2971 infra
814 2907 939 2972 abscisa
966 2909 1006 2972 ab
1036 2929 1081 2991 ea,

75 3031 157 3093 quae
184 3012 338 3098 angulum
367 3013 407 3076 ad
435 3013 592 3077 ambitum
624 3013 769 3097 positum
800 3013 835 3077 in
867 3014 945 3077 duas
972 3017 1082 3097 partes

75 3116 225 3200 aequales
249 3117 379 3200 diuidit,
403 3119 513 3183 datum
537 3119 608 3184 erit.

141 3246 217 3288 nam
240 3224 280 3288 ad
304 3224 460 3290 circulum
487 3225 710 3312 magnitudine
733 3225 845 3290 datum
867 3229 973 3290 ΑΒΓ
994 3231 1083 3290 recta

112 3494 155 3543 22.
179 3488 248 3542 Post
265 3488 428 3565 περιφερείᾳ
447 3491 511 3547 add.
531 3490 586 3545 ὑπὸ
605 3497 654 3559 τῆς
672 3484 835 3559 ὃιαχθείσης
853 3487 883 3543 P.
956 3495 997 3544 23.
1017 3489 1088 3559 petel

74 3577 128 3616 om.
148 3577 174 3615 a.
528 3574 533 3586 ’
