2400 3840
38 140 47 156 ·
100 135 165 198 212
517 134 706 185 ΑΡΡΕΝοΙΧ.

101 283 203 344 ΑΓΕ
224 277 364 342 δοθεῖσα
388 276 491 342 ἐστιν·
522 275 654 341 δέδοται
677 276 801 361 ἄρατὸ
825 278 930 339 ΑΕΓ
952 277 1121 359 τρίγωνον

101 395 147 472 τῷ
176 385 265 448 εἰδει.
312 387 410 467 λόγος
437 385 502 469 ἄρα
531 391 589 467 τῆς
618 386 678 447 ΓΑ
704 383 788 468 πρὸς
815 382 876 464 τὴν
898 385 968 444 ΑΕ
994 380 1121 462 δοθείς,

102 488 251 555 τουτέστι
278 492 362 576 πρὸς
385 492 446 574 τὴν
469 496 501 554 Α
508 495 547 554 Ζ·
582 490 665 554 ὥστε
691 487 832 572 καὶτῆς
855 490 925 551 ΑΓ
946 487 1030 572 πρὸς
1059 488 1123 570 τὴν

104 601 164 662 ΓΖ
197 600 296 680 λόγος
324 595 393 662 ἐστὶ
424 598 548 672 δοδείς.
602 604 660 679 τῆς
692 591 730 659 δὲ
757 597 828 658 ΑΓ
853 595 937 679 πρὸς
968 595 1029 677 τὴν
1059 596 1124 657 ΓΕ

69 715 85 763 5
104 706 202 785 λόγος
221 700 290 767 ἐστὶ
309 702 436 777 δοθείς·
455 699 511 766 καὶ
529 710 588 785 τῆς
602 704 670 764 ΕΓ
682 702 747 785 ἄρα
764 701 848 785 πρὸς
866 700 927 782 τὴν
943 702 1003 762 ΓΖ
1022 702 1124 781 λόγος

104 808 173 875 ἐστὶ
197 811 325 884 δοδείς·
350 806 511 873 ὥστεκαὶ
534 816 594 872 τοῦ
617 807 682 872 ὑπὸ
706 818 773 871 τῶν
796 809 868 887 ΕΓ,
888 809 954 868 ΑΒ
976 806 1062 890 πρὸς
1084 807 1123 870 τὸ

103 916 168 980 ὑπὸ
192 927 259 980 τῶν
281 917 352 996 ΓΖ,
366 920 398 978 Α
404 918 433 977 Β
457 916 555 995 λόγος
574 910 643 977 ἐστὶ
661 912 784 987 δοδείς.
821 920 881 975 τοῦ
906 907 943 974 δὲ
964 910 1030 975 ὑπὸ
1055 923 1125 976 τῶν

104 1026 182 1104 ΑΒ,
202 1025 266 1086 ΓΕ
291 1021 375 1105 πρὸς
397 1021 434 1083 τὸ
459 1022 564 1083 ΑΒΓ
586 1021 751 1104 τρίγωνον
780 1020 878 1099 λόγος
901 1015 970 1082 ἐστὶ
994 1019 1124 1094 δοθείς·

105 1130 188 1193 ὥστε
217 1126 272 1191 καὶ
299 1135 359 1189 τοῦ
388 1123 440 1200 δὶς
466 1125 531 1189 ὑπὸ
557 1128 631 1207 ΓΖ,
651 1129 713 1188 ΒΑ
744 1126 829 1210 πρὸς
855 1124 892 1189 τὸ
920 1127 1026 1188 ΑΒΓ
1054 1127 1126 1209 τρί-

54 1245 87 1294 10
107 1256 217 1315 γωνον
245 1235 343 1313 λόγος
371 1228 441 1294 ἐστὶ
468 1231 591 1306 δοδείς.
637 1235 696 1295 καί
719 1231 788 1295 ἐστι
815 1232 852 1295 τὸ
881 1228 934 1305 δὶς
961 1230 1027 1294 ὑπὸ
1056 1241 1126 1295 τῶν

106 1342 178 1420 ΖΓ,
193 1342 265 1420 ΒΑ,
285 1331 312 1425 ᾧ
330 1339 440 1421 μεῖζόν
459 1336 529 1401 ἐστι
547 1338 584 1401 τὸ
604 1336 668 1401 ἀπὸ
685 1335 940 1422 συναμφοτέρου
955 1346 1012 1420 τῆς
1027 1340 1132 1401 ΒΑΓ

74 1531 76 1534 ¹
105 1453 165 1509 τοῦ
189 1443 253 1508 ἀπὸ
273 1453 330 1527 τῆς
349 1447 428 1507 ΒΓ·
453 1436 563 1530 ᾦόλρα
580 1445 690 1528 μεῖζόν
710 1443 779 1508 ἐστι
802 1445 839 1508 τὸ
862 1443 926 1507 ἀπὸ
951 1459 1126 1528 συναμφο-

105 1548 203 1636 τέρου
231 1560 289 1633 τῆς
312 1553 414 1614 ΒΑΓ
441 1557 500 1613 τοῦ
529 1549 592 1614 ἀπὸ
618 1560 676 1634 τῆς
699 1553 775 1632 ΒΓ,
808 1549 914 1614 ἐκεῖνο
938 1551 975 1614 τὸ
999 1553 1126 1636 χωρίον

105 1658 188 1742 πρὸς
211 1657 248 1721 τὸ
272 1659 437 1742 τρίγωνον
460 1658 562 1738 λόγον
585 1659 650 1740 ἔχει
673 1654 862 1740 δεδομένον.

56 1844 89 1894 15
591 1832 641 1896 15.

453 1937 506 2002 Ad
529 1961 620 2023 prop.
644 1938 774 2004 LXVII.

531 2061 686 2140 Ἄλλως.

175 2189 317 2270 Διήχθω
341 2185 361 2269 ἡ
387 2190 449 2250 BA
477 2185 531 2252 ἐπὶ
553 2189 590 2252 τὸ
615 2193 663 2272 Δ,
694 2185 750 2252 καὶ
772 2190 896 2252 κείσθω
921 2198 960 2274 τῇ
986 2191 1046 2252 ΓΑ
1071 2193 1126 2271 ἴση

108 2293 129 2376 ἡ
153 2299 230 2375 ΑΛ,
253 2290 309 2356 καὶ
333 2291 518 2376 ἐπεζεύχθω
541 2294 562 2376 ἡ
585 2297 661 2359 ΛΓ.

52 2410 90 2460 20
176 2396 245 2462 ἐπεὶ
274 2393 336 2464 οὖν
364 2399 505 2464 δοθεῖσα
533 2398 622 2464 ἐστιν
650 2401 669 2484 ἡ
696 2401 762 2465 ὑπὸ
791 2404 892 2466 ΒΑΓ
919 2403 1039 2483 γωνία,
1072 2403 1131 2465 καί

110 2504 200 2569 ἐστιν
233 2504 335 2587 αὐτῆς
366 2504 497 2588 ἡμίσεια
530 2502 664 2591 ἑκατέρα
697 2516 764 2572 τῶν
790 2507 855 2571 ὑπὸ
884 2512 950 2571 ΑΛ
957 2511 993 2591 Γ,
1018 2513 1050 2571 Α
1057 2511 1128 2590 ΓΔ,

110 2611 251 2674 δοθεῖσα
275 2610 340 2695 ἄρα
363 2607 460 2684 ἐστὶν
473 2607 608 2696 ἑκατέρα
628 2621 696 2676 τῶν
714 2612 779 2676 ὑπὸ
799 2623 866 2677 τῶν
884 2619 951 2678 ΑΛ
958 2617 995 2697 Γ,
1014 2609 1115 2679 ΑΓΔ
1121 2633 1128 2648 ·

111 2713 168 2780 καὶ
200 2717 298 2799 λοιπὴ
327 2717 391 2801 ἄρα
419 2716 439 2798 ἡ
466 2716 532 2781 ὑπὸ
556 2722 662 2783 ΛΑΓ
687 2719 828 2784 δοθεῖσα
857 2718 960 2784 ἐστιν·
993 2719 1128 2785 δέδοται

111 2823 236 2907 ἄρατὸ
260 2829 292 2887 Α
299 2826 360 2886 ΓΛ
382 2825 547 2908 τρίγωνον
570 2834 615 2912 τῷ
639 2824 733 2888 εῖδει·
767 2827 865 2906 λόγος
892 2827 957 2910 ἄρα
981 2835 1040 2909 τῆς
1063 2830 1134 2890 ΑΓ

111 3041 179 3100 ΑΔ
185 3039 217 3100 Γ
211 3039 396 3121 ,κατήχδω
416 3037 499 3122 αὐτῇ
515 3041 569 3118 ἴση
584 3034 719 3122 ἑκατέρα
733 3047 800 3100 τῶν
813 3036 878 3100 ὑπὸ
893 3040 1005 3120 ΔΕΓ,
1020 3040 1128 3101 ΑΖΓ.

125 3234 128 3241 ,
185 3192 486 3281 1.AFE]AEFP
511 3192 718 3247 vssvArEb
810 3191 1018 3264 τό]κα..ὶτόο
1104 3198 1128 3246 3.

111 3262 182 3329 πρὸς
200 3262 251 3330 την
267 3262 454 3335 (ρ.ῆ.ν)]τςλ)
545 3265 654 3345 4ΓΖ]
677 3267 732 3317 ΖΓ
746 3281 771 3317 v
851 3271 952 3332 τῆς-
972 3261 1126 3334 όδοδείς]

111 3332 158 3386 hio
182 3349 235 3386 om.
255 3333 303 3400 b3
316 3335 380 3388 add
404 3336 469 3402 post
492 3330 591 3395 δοδελς
614 3334 662 3388 lin.
688 3340 712 3388 8.
804 3339 828 3388 9
856 3333 923 3415 ὑπό]
947 3334 1003 3389 ὑπὸ
1026 3344 1083 3389 τῶν
1102 3335 1128 3388 b.

149 3405 211 3543 ΒΑ]
231 3409 281 3457 ΑΒ
300 3404 421 3460 Vatvb.
495 3410 537 3459 11.
560 3407 632 3477 ΖΓ]
653 3409 704 3459 ΓΖ
722 3405 787 3459 Vat.
803 3407 881 3492 (mut
897 3405 1120 3475 mZPm.2)v
1123 3447 1128 3458 .

149 3478 198 3526 BA
238 3479 288 3528 AB
312 3474 361 3529 vb.
454 3481 495 3529 12.
520 3477 626 3549 μεῖζον]
651 3494 720 3531 corr
739 3492 774 3530 ex
796 3473 935 3545 μέσονισ.
955 3482 971 3532 2
995 3495 1022 3532 v.
