<?xml version="1.0" encoding="UTF-8"?>
<!DOCTYPE html PUBLIC "-//W3C//DTD XHTML 1.0 Transitional//EN"
    "http://www.w3.org/TR/xhtml1/DTD/xhtml1-transitional.dtd">
<html xmlns="http://www.w3.org/1999/xhtml" xml:lang="en" lang="en">
 <head>
  <title>
</title>
<meta http-equiv="Content-Type" content="text/html;charset=utf-8" />
  <meta name='ocr-system' content='tesseract 3.04.00' />
  <meta name='ocr-capabilities' content='ocr_page ocr_carea ocr_par ocr_line ocrx_word'/>
</head>
<body>
  <div class='ocr_page' id='page_1' title='image "./euclidisoperaom05unkngoog_0273.png"; bbox 0 0 2400 3840; ppageno 0'>
   <div class='ocr_carea' id='block_1_1' title="bbox 431 100 1086 243">
    <p class='ocr_par' dir='ltr' id='par_1_1' title="bbox 431 100 1086 243">
     <span class='ocr_line' id='line_1_1' title="bbox 431 100 1086 243; baseline -0.003 -34"><span class='ocrx_word' id='word_1_1' title='bbox 431 142 437 157; x_wconf 90' lang='lat'>&#39;</span> <span class='ocrx_word' id='word_1_2' title='bbox 485 158 673 243; x_wconf 66' lang='lat' dir='ltr'>nannum.</span> <span class='ocrx_word' id='word_1_3' title='bbox 1022 100 1086 220; x_wconf 58' lang='grc'>[99</span> 
     </span>
    </p>
   </div>
   <div class='ocr_carea' id='block_1_2' title="bbox 69 300 1170 1870">
    <p class='ocr_par' dir='ltr' id='par_1_2' title="bbox 71 300 1091 598">
     <span class='ocr_line' id='line_1_2' title="bbox 72 300 1086 384; baseline 0.001 -20"><span class='ocrx_word' id='word_1_4' title='bbox 72 300 173 365; x_wconf 87' lang='lat' dir='ltr'>etiam</span> <span class='ocrx_word' id='word_1_5' title='bbox 191 302 252 364; x_wconf 90' lang='grc' dir='ltr'>ΓΔ</span> <span class='ocrx_word' id='word_1_6' title='bbox 268 300 432 384; x_wconf 76' lang='lat' dir='ltr'>positione</span> <span class='ocrx_word' id='word_1_7' title='bbox 451 301 527 364; x_wconf 85' lang='lat' dir='ltr'>data</span> <span class='ocrx_word' id='word_1_8' title='bbox 545 304 603 364; x_wconf 83' lang='lat' dir='ltr'>est.</span> <span class='ocrx_word' id='word_1_9' title='bbox 644 321 721 384; x_wconf 83' lang='lat' dir='ltr'>ergo</span> <span class='ocrx_word' id='word_1_10' title='bbox 746 304 886 375; x_wconf 83' lang='grc' dir='ltr'><em>[ΒΗΛ</em></span> <span class='ocrx_word' id='word_1_11' title='bbox 910 300 1003 365; x_wconf 84' lang='lat' dir='ltr'>datus</span> <span class='ocrx_word' id='word_1_12' title='bbox 1027 305 1086 365; x_wconf 81' lang='lat' dir='ltr'>est.</span> 
     </span>
     <span class='ocr_line' id='line_1_3' title="bbox 71 405 1091 490; baseline 0.002 -21"><span class='ocrx_word' id='word_1_13' title='bbox 71 410 105 470; x_wconf 87' lang='lat' dir='ltr'>et</span> <span class='ocrx_word' id='word_1_14' title='bbox 139 405 166 469; x_wconf 84' lang='lat' dir='ltr'>si</span> <span class='ocrx_word' id='word_1_15' title='bbox 196 410 260 470; x_wconf 91' lang='grc' dir='ltr'>ΕΖ</span> <span class='ocrx_word' id='word_1_16' title='bbox 291 411 397 471; x_wconf 86' lang='lat' dir='ltr'>rectae</span> <span class='ocrx_word' id='word_1_17' title='bbox 426 410 495 470; x_wconf 88' lang='grc' dir='ltr'>ΗΒ</span> <span class='ocrx_word' id='word_1_18' title='bbox 526 405 683 490; x_wconf 85' lang='lat' dir='ltr'>parallela</span> <span class='ocrx_word' id='word_1_19' title='bbox 715 410 777 490; x_wconf 81' lang='lat' dir='ltr'>est,</span> <span class='ocrx_word' id='word_1_20' title='bbox 815 405 915 471; x_wconf 84' lang='lat' dir='ltr'>etiam</span> <span class='ocrx_word' id='word_1_21' title='bbox 947 411 1091 482; x_wconf 88' lang='grc' dir='ltr'><em>[ΕΖΗ</em></span> 
     </span>
     <span class='ocr_line' id='line_1_4' title="bbox 612 512 1085 598; baseline 0.004 -23"><span class='ocrx_word' id='word_1_22' title='bbox 612 513 706 577; x_wconf 84' lang='lat' dir='ltr'>datus</span> <span class='ocrx_word' id='word_1_23' title='bbox 731 512 793 576; x_wconf 83' lang='lat' dir='ltr'>erit</span> <span class='ocrx_word' id='word_1_24' title='bbox 816 512 856 598; x_wconf 79' lang='grc'>[1,</span> <span class='ocrx_word' id='word_1_25' title='bbox 875 513 931 597; x_wconf 77' lang='lat'>293</span> <span class='ocrx_word' id='word_1_26' title='bbox 960 512 1020 576; x_wconf 85' lang='lat' dir='ltr'>def.</span> <span class='ocrx_word' id='word_1_27' title='bbox 1043 512 1085 596; x_wconf 84' lang='lat'>1].</span> 
     </span>
    </p>

    <p class='ocr_par' dir='ltr' id='par_1_3' title="bbox 612 617 1086 702">
     <span class='ocr_line' id='line_1_5' title="bbox 612 617 1086 702; baseline 0.002 -20"><span class='ocrx_word' id='word_1_28' title='bbox 612 641 710 702; x_wconf 83' lang='lat' dir='ltr'>qnare</span> <span class='ocrx_word' id='word_1_29' title='bbox 779 617 878 683; x_wconf 84' lang='lat' dir='ltr'>etiam</span> <span class='ocrx_word' id='word_1_30' title='bbox 941 617 1086 701; x_wconf 84' lang='lat' dir='ltr'>reliquus</span> 
     </span>
    </p>

    <p class='ocr_par' dir='ltr' id='par_1_4' title="bbox 515 724 1170 915">
     <span class='ocr_line' id='line_1_6' title="bbox 612 724 1170 810; baseline 0.013 -22"><span class='ocrx_word' id='word_1_31' title='bbox 612 728 745 800; x_wconf 88' lang='grc' dir='ltr'><em>[ΖΕΒ</em></span> <span class='ocrx_word' id='word_1_32' title='bbox 774 725 868 788; x_wconf 84' lang='lat' dir='ltr'>datus</span> <span class='ocrx_word' id='word_1_33' title='bbox 895 728 945 788; x_wconf 82' lang='lat' dir='ltr'>est</span> <span class='ocrx_word' id='word_1_34' title='bbox 969 724 1085 810; x_wconf 84' lang='lat'><strong>[1,29;</strong></span> <span class='ocrx_word' id='word_1_35' title='bbox 1167 791 1170 795; x_wconf 86' lang='lat'>.</span> 
     </span>
     <span class='ocr_line' id='line_1_7' title="bbox 515 829 1086 915; baseline -0.005 -17"><span class='ocrx_word' id='word_1_36' title='bbox 515 829 1086 915; x_wconf 58' lang='lat' dir='ltr'>‚mfflumm</span> 
     </span>
    </p>

    <p class='ocr_par' dir='ltr' id='par_1_5' title="bbox 611 935 1085 1020">
     <span class='ocr_line' id='line_1_8' title="bbox 611 935 1085 1020; baseline 0.002 -21"><span class='ocrx_word' id='word_1_37' title='bbox 611 935 800 1020; x_wconf 83' lang='lat' dir='ltr'>parallelae,</span> <span class='ocrx_word' id='word_1_38' title='bbox 838 941 906 1000; x_wconf 87' lang='grc' dir='ltr'>ΕΖ</span> <span class='ocrx_word' id='word_1_39' title='bbox 946 941 979 1001; x_wconf 88' lang='lat' dir='ltr'>et</span> <span class='ocrx_word' id='word_1_40' title='bbox 1015 940 1085 1000; x_wconf 90' lang='grc' dir='ltr'>ΗΒ</span> 
     </span>
    </p>

    <p class='ocr_par' dir='ltr' id='par_1_6' title="bbox 613 1042 1085 1125">
     <span class='ocr_line' id='line_1_9' title="bbox 613 1042 1085 1125; baseline 0.002 -19"><span class='ocrx_word' id='word_1_41' title='bbox 613 1042 807 1106; x_wconf 75' lang='lat' dir='ltr'>concurrant</span> <span class='ocrx_word' id='word_1_42' title='bbox 819 1042 855 1105; x_wconf 95' lang='lat' dir='ltr'>in</span> <span class='ocrx_word' id='word_1_43' title='bbox 866 1047 907 1110; x_wconf 95' lang='grc' dir='ltr'>Θ.</span> <span class='ocrx_word' id='word_1_44' title='bbox 932 1043 1085 1125; x_wconf 84' lang='lat' dir='ltr'>quoniam</span> 
     </span>
    </p>

    <p class='ocr_par' dir='ltr' id='par_1_7' title="bbox 611 1152 1085 1232">
     <span class='ocr_line' id='line_1_10' title="bbox 611 1152 1085 1232; baseline 0.002 -20"><span class='ocrx_word' id='word_1_45' title='bbox 611 1152 953 1232; x_wconf 84' lang='lat' dir='ltr'><em>EZ=AH=HB‚</em></span> <span class='ocrx_word' id='word_1_46' title='bbox 973 1153 1005 1213; x_wconf 88' lang='lat' dir='ltr'>et</span> <span class='ocrx_word' id='word_1_47' title='bbox 1021 1153 1085 1213; x_wconf 88' lang='grc' dir='ltr'>ΕΒ</span> 
     </span>
    </p>

    <p class='ocr_par' dir='ltr' id='par_1_8' title="bbox 610 1253 1085 1339">
     <span class='ocr_line' id='line_1_11' title="bbox 610 1253 1085 1339; baseline 0 -21"><span class='ocrx_word' id='word_1_48' title='bbox 610 1253 766 1338; x_wconf 82' lang='lat' dir='ltr'>parallela</span> <span class='ocrx_word' id='word_1_49' title='bbox 795 1259 845 1319; x_wconf 84' lang='lat' dir='ltr'>est</span> <span class='ocrx_word' id='word_1_50' title='bbox 872 1258 979 1320; x_wconf 86' lang='lat' dir='ltr'>rectae</span> <span class='ocrx_word' id='word_1_51' title='bbox 1009 1259 1085 1339; x_wconf 89' lang='lat' dir='ltr'>ZH,</span> 
     </span>
    </p>

    <p class='ocr_par' dir='ltr' id='par_1_9' title="bbox 69 1359 1135 1870">
     <span class='ocr_line' id='line_1_12' title="bbox 71 1359 1085 1445; baseline 0.002 -21"><span class='ocrx_word' id='word_1_52' title='bbox 71 1360 135 1424; x_wconf 85' lang='lat' dir='ltr'>erit</span> <span class='ocrx_word' id='word_1_53' title='bbox 162 1360 261 1425; x_wconf 85' lang='lat' dir='ltr'>etiam</span> <span class='ocrx_word' id='word_1_54' title='bbox 290 1365 411 1424; x_wconf 77' lang='lat' dir='ltr'>za=</span> <span class='ocrx_word' id='word_1_55' title='bbox 428 1365 501 1425; x_wconf 89' lang='grc' dir='ltr'>ΘΗ</span> <span class='ocrx_word' id='word_1_56' title='bbox 524 1359 603 1445; x_wconf 74' lang='lat' dir='ltr'>[VL</span> <span class='ocrx_word' id='word_1_57' title='bbox 622 1361 656 1444; x_wconf 78' lang='lat'>23</span> <span class='ocrx_word' id='word_1_58' title='bbox 683 1360 723 1445; x_wconf 81' lang='lat' dir='ltr'>V,</span> <span class='ocrx_word' id='word_1_59' title='bbox 743 1360 812 1444; x_wconf 86' lang='grc'><strong>14].</strong></span> <span class='ocrx_word' id='word_1_60' title='bbox 859 1383 957 1445; x_wconf 87' lang='lat' dir='ltr'>quare</span> <span class='ocrx_word' id='word_1_61' title='bbox 985 1361 1085 1426; x_wconf 89' lang='lat' dir='ltr'>etiam</span> 
     </span>
     <span class='ocr_line' id='line_1_13' title="bbox 72 1466 1084 1553; baseline 0.002 -22"><span class='ocrx_word' id='word_1_62' title='bbox 72 1469 212 1542; x_wconf 88' lang='grc' dir='ltr'><em>[ΘΗΖ</em></span> <span class='ocrx_word' id='word_1_63' title='bbox 228 1498 270 1520; x_wconf 94' lang='grc'>--</span> <span class='ocrx_word' id='word_1_64' title='bbox 287 1470 395 1531; x_wconf 88' lang='grc' dir='ltr'>ΘΖΗ</span> <span class='ocrx_word' id='word_1_65' title='bbox 414 1466 513 1552; x_wconf 78' lang='lat'><strong>[1‚5].</strong></span> <span class='ocrx_word' id='word_1_66' title='bbox 549 1489 663 1531; x_wconf 83' lang='lat' dir='ltr'>uerum</span> <span class='ocrx_word' id='word_1_67' title='bbox 686 1470 826 1542; x_wconf 87' lang='grc' dir='ltr'><em>[ΘΗΖ</em></span> <span class='ocrx_word' id='word_1_68' title='bbox 850 1468 945 1531; x_wconf 84' lang='lat' dir='ltr'>datus</span> <span class='ocrx_word' id='word_1_69' title='bbox 970 1467 1084 1553; x_wconf 82' lang='lat' dir='ltr'><strong>[I,15;</strong></span> 
     </span>
     <span class='ocr_line' id='line_1_14' title="bbox 73 1570 1135 1657; baseline 0 -21"><span class='ocrx_word' id='word_1_70' title='bbox 73 1573 195 1657; x_wconf 82' lang='lat' dir='ltr'>def.1].</span> <span class='ocrx_word' id='word_1_71' title='bbox 225 1572 336 1657; x_wconf 88' lang='lat' dir='ltr'>itaque</span> <span class='ocrx_word' id='word_1_72' title='bbox 356 1572 456 1638; x_wconf 84' lang='lat' dir='ltr'>etiam</span> <span class='ocrx_word' id='word_1_73' title='bbox 474 1574 615 1647; x_wconf 89' lang='grc' dir='ltr'><em>[ΗΖΘ</em></span> <span class='ocrx_word' id='word_1_74' title='bbox 633 1572 727 1636; x_wconf 86' lang='lat' dir='ltr'>datus</span> <span class='ocrx_word' id='word_1_75' title='bbox 747 1575 797 1635; x_wconf 88' lang='lat' dir='ltr'>est</span> <span class='ocrx_word' id='word_1_76' title='bbox 816 1571 891 1655; x_wconf 83' lang='lat' dir='ltr'>[def.</span> <span class='ocrx_word' id='word_1_77' title='bbox 907 1570 949 1654; x_wconf 87' lang='lat'>1].</span> <span class='ocrx_word' id='word_1_78' title='bbox 985 1593 1084 1654; x_wconf 86' lang='lat' dir='ltr'>quare</span> <span class='ocrx_word' id='word_1_79' title='bbox 1132 1594 1135 1600; x_wconf 90' lang='lat'>·</span> 
     </span>
     <span class='ocr_line' id='line_1_15' title="bbox 73 1677 1085 1764; baseline 0 -21"><span class='ocrx_word' id='word_1_80' title='bbox 73 1679 172 1743; x_wconf 86' lang='lat' dir='ltr'>etiam</span> <span class='ocrx_word' id='word_1_81' title='bbox 196 1680 334 1764; x_wconf 84' lang='lat' dir='ltr'>angulus</span> <span class='ocrx_word' id='word_1_82' title='bbox 353 1679 504 1762; x_wconf 78' lang='lat' dir='ltr'>deinceps</span> <span class='ocrx_word' id='word_1_83' title='bbox 522 1677 649 1761; x_wconf 82' lang='lat' dir='ltr'>positus</span> <span class='ocrx_word' id='word_1_84' title='bbox 663 1681 770 1741; x_wconf 86' lang='grc' dir='ltr'>ΗΖΕ</span> <span class='ocrx_word' id='word_1_85' title='bbox 792 1678 885 1741; x_wconf 83' lang='lat' dir='ltr'>datus</span> <span class='ocrx_word' id='word_1_86' title='bbox 905 1681 955 1741; x_wconf 84' lang='lat' dir='ltr'>est</span> <span class='ocrx_word' id='word_1_87' title='bbox 974 1677 1014 1763; x_wconf 84' lang='grc'>[1,</span> <span class='ocrx_word' id='word_1_88' title='bbox 1030 1679 1085 1764; x_wconf 82' lang='grc'>13;</span> 
     </span>
     <span class='ocr_line' id='line_1_16' title="bbox 69 1780 1084 1870; baseline 0.004 -24"><span class='ocrx_word' id='word_1_89' title='bbox 69 1805 163 1867; x_wconf 89' lang='lat' dir='ltr'><strong>prop.</strong></span> <span class='ocrx_word' id='word_1_90' title='bbox 186 1782 262 1867; x_wconf 66' lang='lat' dir='ltr'>IV}</span> <span class='ocrx_word' id='word_1_91' title='bbox 318 1788 351 1849; x_wconf 84' lang='lat' dir='ltr'>et</span> <span class='ocrx_word' id='word_1_92' title='bbox 385 1780 528 1866; x_wconf 87' lang='lat' dir='ltr'>reliquus</span> <span class='ocrx_word' id='word_1_93' title='bbox 565 1787 713 1859; x_wconf 90' lang='grc' dir='ltr'><em>[ΖΕΒ</em></span> <span class='ocrx_word' id='word_1_94' title='bbox 750 1783 845 1847; x_wconf 86' lang='lat' dir='ltr'>datus</span> <span class='ocrx_word' id='word_1_95' title='bbox 878 1787 928 1847; x_wconf 83' lang='lat' dir='ltr'>est</span> <span class='ocrx_word' id='word_1_96' title='bbox 960 1783 1005 1869; x_wconf 83' lang='grc'>[1,</span> <span class='ocrx_word' id='word_1_97' title='bbox 1027 1785 1084 1870; x_wconf 68' lang='grc'>29,</span> 
     </span>
    </p>
   </div>
   <div class='ocr_carea' id='block_1_3' title="bbox 70 1888 583 2041">
    <p class='ocr_par' dir='ltr' id='par_1_10' title="bbox 70 1888 583 2041">
     <span class='ocr_line' id='line_1_17' title="bbox 70 1888 583 2041; baseline -0.002 -68"><span class='ocrx_word' id='word_1_98' title='bbox 70 1911 161 1973; x_wconf 77' lang='lat' dir='ltr'>pron·</span> <span class='ocrx_word' id='word_1_99' title='bbox 185 1888 256 1973; x_wconf 77' lang='lat' dir='ltr'>IV]-</span> <span class='ocrx_word' id='word_1_100' title='bbox 564 1978 583 2041; x_wconf 71' lang='grc'>8</span> 
     </span>
    </p>
   </div>
   <div class='ocr_carea' id='block_1_4' title="bbox 135 2024 1082 2395">
    <p class='ocr_par' dir='ltr' id='par_1_11' title="bbox 135 2024 1082 2395">
     <span class='ocr_line' id='line_1_18' title="bbox 406 2024 743 2167; baseline -0.003 -22"><span class='ocrx_word' id='word_1_101' title='bbox 406 2081 458 2146; x_wconf 85' lang='lat' dir='ltr'>Ad</span> <span class='ocrx_word' id='word_1_102' title='bbox 480 2103 571 2167; x_wconf 84' lang='lat' dir='ltr'><strong>prop.</strong></span> <span class='ocrx_word' id='word_1_103' title='bbox 586 2024 743 2145; x_wconf 33' lang='lat' dir='ltr'><strong>‘XXXIV</strong></span> 
     </span>
     <span class='ocr_line' id='line_1_19' title="bbox 308 2192 664 2278; baseline -0.003 -19"><span class='ocrx_word' id='word_1_104' title='bbox 308 2192 311 2198; x_wconf 64' lang='grc'><em>“</em></span> <span class='ocrx_word' id='word_1_105' title='bbox 494 2194 631 2260; x_wconf 81' lang='lat' dir='ltr'>Aliter.</span> <span class='ocrx_word' id='word_1_106' title='bbox 639 2192 664 2278; x_wconf 83' lang='lat'>¹)</span> 
     </span>
     <span class='ocr_line' id='line_1_20' title="bbox 135 2309 1082 2395; baseline 0.002 -19"><span class='ocrx_word' id='word_1_107' title='bbox 135 2309 222 2376; x_wconf 88' lang='lat' dir='ltr'>Nam</span> <span class='ocrx_word' id='word_1_108' title='bbox 244 2311 285 2374; x_wconf 90' lang='lat' dir='ltr'>ad</span> <span class='ocrx_word' id='word_1_109' title='bbox 307 2309 478 2394; x_wconf 86' lang='lat' dir='ltr'>parallelas</span> <span class='ocrx_word' id='word_1_110' title='bbox 496 2310 660 2395; x_wconf 80' lang='lat' dir='ltr'>positione</span> <span class='ocrx_word' id='word_1_111' title='bbox 680 2311 772 2374; x_wconf 83' lang='lat' dir='ltr'>datas</span> <span class='ocrx_word' id='word_1_112' title='bbox 791 2314 866 2393; x_wconf 89' lang='grc' dir='ltr'>ΑΒ,</span> <span class='ocrx_word' id='word_1_113' title='bbox 882 2313 943 2374; x_wconf 85' lang='grc' dir='ltr'>ΓΛ</span> <span class='ocrx_word' id='word_1_114' title='bbox 967 2314 1082 2378; x_wconf 81' lang='lat' dir='ltr'>adata</span> 
     </span>
    </p>
   </div>
   <div class='ocr_carea' id='block_1_5' title="bbox 12 2400 1095 3031">
    <p class='ocr_par' dir='ltr' id='par_1_12' title="bbox 68 2400 1083 2590">
     <span class='ocr_line' id='line_1_21' title="bbox 68 2400 1083 2502; baseline 0.004 -21"><span class='ocrx_word' id='word_1_115' title='bbox 68 2421 190 2502; x_wconf 82' lang='lat' dir='ltr'>puncto</span> <span class='ocrx_word' id='word_1_116' title='bbox 214 2422 246 2480; x_wconf 88' lang='grc' dir='ltr'><em>Ε</em></span> <span class='ocrx_word' id='word_1_117' title='bbox 271 2406 360 2480; x_wconf 77' lang='lat' dir='ltr'>ieeta</span> <span class='ocrx_word' id='word_1_118' title='bbox 382 2416 468 2480; x_wconf 90' lang='lat' dir='ltr'>linea</span> <span class='ocrx_word' id='word_1_119' title='bbox 491 2417 627 2481; x_wconf 85' lang='lat' dir='ltr'>dueatur</span> <span class='ocrx_word' id='word_1_120' title='bbox 650 2400 762 2481; x_wconf 86' lang='grc' dir='ltr'>ΕΖΗ</span> <span class='ocrx_word' id='word_1_121' title='bbox 809 2416 895 2502; x_wconf 85' lang='lat' dir='ltr'>dieo,</span> <span class='ocrx_word' id='word_1_122' title='bbox 922 2418 1083 2485; x_wconf 83' lang='lat' dir='ltr'>rationem</span> 
     </span>
     <span class='ocr_line' id='line_1_22' title="bbox 522 2524 977 2590; baseline 0.009 -4"><span class='ocrx_word' id='word_1_123' title='bbox 522 2526 691 2587; x_wconf 79' lang='lat' dir='ltr'><strong><em>HEzEZ</em></strong></span> <span class='ocrx_word' id='word_1_124' title='bbox 715 2524 825 2587; x_wconf 85' lang='lat' dir='ltr'>datam</span> <span class='ocrx_word' id='word_1_125' title='bbox 848 2545 926 2589; x_wconf 84' lang='lat' dir='ltr'>esse.</span> <span class='ocrx_word' id='word_1_126' title='bbox 972 2580 977 2590; x_wconf 91' lang='lat'>.</span> 
     </span>
    </p>

    <p class='ocr_par' dir='ltr' id='par_1_13' title="bbox 97 2629 1095 2715">
     <span class='ocr_line' id='line_1_23' title="bbox 97 2629 1095 2715; baseline 0.008 -26"><span class='ocrx_word' id='word_1_127' title='bbox 97 2681 161 2689; x_wconf 71' lang='grc'>.-</span> <span class='ocrx_word' id='word_1_128' title='bbox 441 2667 472 2715; x_wconf 84' lang='lat' dir='ltr'><em>B</em></span> <span class='ocrx_word' id='word_1_129' title='bbox 588 2630 725 2693; x_wconf 86' lang='lat' dir='ltr'>dueatur</span> <span class='ocrx_word' id='word_1_130' title='bbox 753 2629 839 2693; x_wconf 90' lang='lat' dir='ltr'>enim</span> <span class='ocrx_word' id='word_1_131' title='bbox 867 2636 1029 2714; x_wconf 85' lang='lat' dir='ltr'>apuneto</span> <span class='ocrx_word' id='word_1_132' title='bbox 1053 2637 1095 2713; x_wconf 66' lang='grc' dir='ltr'>Ε,</span> 
     </span>
    </p>

    <p class='ocr_par' dir='ltr' id='par_1_14' title="bbox 194 2735 1083 2825">
     <span class='ocr_line' id='line_1_24' title="bbox 194 2735 1083 2825; baseline 0.008 -30"><span class='ocrx_word' id='word_1_133' title='bbox 194 2776 228 2825; x_wconf 78' lang='lat' dir='ltr'><em>E</em></span> <span class='ocrx_word' id='word_1_134' title='bbox 522 2735 562 2798; x_wconf 87' lang='lat' dir='ltr'>ad</span> <span class='ocrx_word' id='word_1_135' title='bbox 581 2736 643 2798; x_wconf 87' lang='grc' dir='ltr'>ΓΛ</span> <span class='ocrx_word' id='word_1_136' title='bbox 663 2735 938 2818; x_wconf 83' lang='lat' dir='ltr'>perpendicularis</span> <span class='ocrx_word' id='word_1_137' title='bbox 961 2741 1027 2801; x_wconf 92' lang='grc' dir='ltr'>ΕΘ</span> <span class='ocrx_word' id='word_1_138' title='bbox 1050 2742 1083 2802; x_wconf 93' lang='lat' dir='ltr'>et</span> 
     </span>
    </p>

    <p class='ocr_par' dir='ltr' id='par_1_15' title="bbox 278 2678 1083 2978">
     <span class='ocr_line' id='line_1_25' title="bbox 278 2678 1083 2978; baseline 0.007 -78"><span class='ocrx_word' id='word_1_139' title='bbox 278 2678 302 2978; x_wconf 54' lang='grc' dir='ltr'>Ξ</span> <span class='ocrx_word' id='word_1_140' title='bbox 501 2834 718 2922; x_wconf 65' lang='lat' dir='ltr'>&#39;producatur</span> <span class='ocrx_word' id='word_1_141' title='bbox 741 2840 781 2903; x_wconf 90' lang='lat' dir='ltr'>ad</span> <span class='ocrx_word' id='word_1_142' title='bbox 804 2843 844 2904; x_wconf 88' lang='lat' dir='ltr'>K.</span> <span class='ocrx_word' id='word_1_143' title='bbox 886 2841 1040 2923; x_wconf 85' lang='lat' dir='ltr'>quoniam</span> <span class='ocrx_word' id='word_1_144' title='bbox 1063 2865 1083 2906; x_wconf 84' lang='lat' dir='ltr'>a</span> 
     </span>
    </p>

    <p class='ocr_par' dir='ltr' id='par_1_16' title="bbox 12 2936 1083 3031">
     <span class='ocr_line' id='line_1_26' title="bbox 12 2936 1083 3031; baseline 0.007 -27"><span class='ocrx_word' id='word_1_145' title='bbox 12 2936 20 2948; x_wconf 84' lang='grc'><strong>’</strong></span> <span class='ocrx_word' id='word_1_146' title='bbox 71 2951 103 3001; x_wconf 86' lang='grc' dir='ltr'><em>Γ</em></span> <span class='ocrx_word' id='word_1_147' title='bbox 234 2984 262 3031; x_wconf 67' lang='grc' dir='ltr'>Θ</span> <span class='ocrx_word' id='word_1_148' title='bbox 325 2983 360 3030; x_wconf 78' lang='lat' dir='ltr'><em>H</em></span> <span class='ocrx_word' id='word_1_149' title='bbox 450 2945 473 2999; x_wconf 77' lang='grc' dir='ltr'><em>Δ</em></span> <span class='ocrx_word' id='word_1_150' title='bbox 521 2946 598 3008; x_wconf 85' lang='lat' dir='ltr'>dato</span> <span class='ocrx_word' id='word_1_151' title='bbox 620 2949 742 3029; x_wconf 84' lang='lat' dir='ltr'>puncto</span> <span class='ocrx_word' id='word_1_152' title='bbox 761 2949 793 3009; x_wconf 88' lang='grc' dir='ltr'><em>Ε</em></span> <span class='ocrx_word' id='word_1_153' title='bbox 819 2946 859 3009; x_wconf 86' lang='lat' dir='ltr'>ad</span> <span class='ocrx_word' id='word_1_154' title='bbox 881 2950 1004 3010; x_wconf 85' lang='lat' dir='ltr'>reetam</span> <span class='ocrx_word' id='word_1_155' title='bbox 1026 2969 1083 3030; x_wconf 94' lang='lat' dir='ltr'>p0·</span> 
     </span>
    </p>
   </div>
   <div class='ocr_carea' id='block_1_6' title="bbox 69 3049 1085 3242">
    <p class='ocr_par' dir='ltr' id='par_1_17' title="bbox 69 3049 1085 3242">
     <span class='ocr_line' id='line_1_27' title="bbox 522 3049 1082 3116; baseline 0.002 -1"><span class='ocrx_word' id='word_1_156' title='bbox 522 3049 639 3115; x_wconf 84' lang='lat' dir='ltr'>sitione</span> <span class='ocrx_word' id='word_1_157' title='bbox 663 3051 773 3114; x_wconf 84' lang='lat' dir='ltr'>datam</span> <span class='ocrx_word' id='word_1_158' title='bbox 797 3052 858 3114; x_wconf 89' lang='grc' dir='ltr'>ΓΛ</span> <span class='ocrx_word' id='word_1_159' title='bbox 884 3055 973 3116; x_wconf 84' lang='lat' dir='ltr'>reeta</span> <span class='ocrx_word' id='word_1_160' title='bbox 997 3051 1082 3116; x_wconf 83' lang='lat' dir='ltr'>linea</span> 
     </span>
     <span class='ocr_line' id='line_1_28' title="bbox 69 3155 1085 3242; baseline -0.002 -19"><span class='ocrx_word' id='word_1_161' title='bbox 69 3160 166 3223; x_wconf 85' lang='lat' dir='ltr'>dueta</span> <span class='ocrx_word' id='word_1_162' title='bbox 189 3163 239 3223; x_wconf 82' lang='lat' dir='ltr'>est</span> <span class='ocrx_word' id='word_1_163' title='bbox 256 3163 323 3223; x_wconf 89' lang='grc' dir='ltr'>ΕΘ</span> <span class='ocrx_word' id='word_1_164' title='bbox 350 3159 463 3222; x_wconf 86' lang='lat' dir='ltr'>datum</span> <span class='ocrx_word' id='word_1_165' title='bbox 489 3156 632 3221; x_wconf 84' lang='lat' dir='ltr'>efficiens</span> <span class='ocrx_word' id='word_1_166' title='bbox 660 3155 816 3241; x_wconf 79' lang='lat' dir='ltr'>angulum</span> <span class='ocrx_word' id='word_1_167' title='bbox 838 3160 957 3242; x_wconf 86' lang='grc' dir='ltr'><em>ΕΘΗ,</em></span> <span class='ocrx_word' id='word_1_168' title='bbox 982 3161 1085 3222; x_wconf 92' lang='grc' dir='ltr'>ΘΕΚ</span> 
     </span>
    </p>
   </div>
   <div class='ocr_carea' id='block_1_7' title="bbox 139 3273 1079 3365">
    <p class='ocr_par' dir='ltr' id='par_1_18' title="bbox 139 3273 1079 3365">
     <span class='ocr_line' id='line_1_29' title="bbox 139 3273 1079 3365; baseline -0.003 -14"><span class='ocrx_word' id='word_1_169' title='bbox 139 3296 171 3350; x_wconf 84' lang='lat' dir='ltr'>ln</span> <span class='ocrx_word' id='word_1_170' title='bbox 190 3297 250 3351; x_wconf 89' lang='lat' dir='ltr'>eod.</span> <span class='ocrx_word' id='word_1_171' title='bbox 269 3296 288 3349; x_wconf 91' lang='lat' dir='ltr'>b</span> <span class='ocrx_word' id='word_1_172' title='bbox 307 3296 353 3365; x_wconf 84' lang='lat' dir='ltr'>fig.</span> <span class='ocrx_word' id='word_1_173' title='bbox 372 3293 472 3364; x_wconf 78' lang='lat' dir='ltr'>prioris</span> <span class='ocrx_word' id='word_1_174' title='bbox 492 3293 605 3348; x_wconf 77' lang='lat' dir='ltr'>litterae</span> <span class='ocrx_word' id='word_1_175' title='bbox 625 3299 655 3362; x_wconf 87' lang='grc' dir='ltr'>Β,</span> <span class='ocrx_word' id='word_1_176' title='bbox 671 3297 696 3349; x_wconf 86' lang='grc' dir='ltr'><em>Ε</em></span> <span class='ocrx_word' id='word_1_177' title='bbox 713 3282 891 3362; x_wconf 80' lang='lat' dir='ltr'>permutatae</span> <span class='ocrx_word' id='word_1_178' title='bbox 910 3296 983 3348; x_wconf 79' lang='lat' dir='ltr'>sunt.</span> <span class='ocrx_word' id='word_1_179' title='bbox 1073 3273 1079 3287; x_wconf 51' lang='grc'>’</span> 
     </span>
    </p>
   </div>
   <div class='ocr_carea' id='block_1_8' title="bbox 69 3416 1082 3561">
    <p class='ocr_par' dir='ltr' id='par_1_19' title="bbox 69 3416 1082 3561">
     <span class='ocr_line' id='line_1_30' title="bbox 141 3416 1082 3545; baseline -0.001 -69"><span class='ocrx_word' id='word_1_180' title='bbox 141 3426 167 3545; x_wconf 57' lang='lat' dir='ltr'><strong>ff</strong></span> <span class='ocrx_word' id='word_1_181' title='bbox 186 3421 265 3476; x_wconf 74' lang='lat' dir='ltr'>Haec</span> <span class='ocrx_word' id='word_1_182' title='bbox 278 3417 480 3500; x_wconf 58' lang='lat' dir='ltr'>demonstpatio</span> <span class='ocrx_word' id='word_1_183' title='bbox 496 3416 555 3500; x_wconf 72' lang='lat' dir='ltr'>eius</span> <span class='ocrx_word' id='word_1_184' title='bbox 571 3434 660 3486; x_wconf 80' lang='lat' dir='ltr'>casus,</span> <span class='ocrx_word' id='word_1_185' title='bbox 675 3433 730 3498; x_wconf 78' lang='lat' dir='ltr'>qno</span> <span class='ocrx_word' id='word_1_186' title='bbox 744 3419 880 3484; x_wconf 85' lang='lat' dir='ltr'>punctum</span> <span class='ocrx_word' id='word_1_187' title='bbox 895 3417 994 3472; x_wconf 84' lang='lat' dir='ltr'>datum</span> <span class='ocrx_word' id='word_1_188' title='bbox 1007 3418 1082 3475; x_wconf 83' lang='lat' dir='ltr'>inter</span> 
     </span>
     <span class='ocr_line' id='line_1_31' title="bbox 69 3488 761 3561; baseline -0.007 -15"><span class='ocrx_word' id='word_1_189' title='bbox 69 3508 140 3561; x_wconf 87' lang='lat' dir='ltr'>para</span> <span class='ocrx_word' id='word_1_190' title='bbox 164 3491 222 3546; x_wconf 76' lang='lat' dir='ltr'>elau</span> <span class='ocrx_word' id='word_1_191' title='bbox 242 3493 369 3560; x_wconf 79' lang='lat' dir='ltr'>sumtur,</span> <span class='ocrx_word' id='word_1_192' title='bbox 388 3488 461 3542; x_wconf 79' lang='lat' dir='ltr'>mlul</span> <span class='ocrx_word' id='word_1_193' title='bbox 480 3488 574 3542; x_wconf 84' lang='lat' dir='ltr'>chffert</span> <span class='ocrx_word' id='word_1_194' title='bbox 593 3505 610 3542; x_wconf 84' lang='lat' dir='ltr'>a</span> <span class='ocrx_word' id='word_1_195' title='bbox 629 3505 761 3557; x_wconf 76' lang='lat' dir='ltr'>genuina.</span> 
     </span>
    </p>
   </div>
   <div class='ocr_carea' id='block_1_9' title="bbox 0 0 1204 3840">
    <p class='ocr_par' dir='ltr' id='par_1_20' title="bbox 0 0 1204 3840">
     <span class='ocr_line' id='line_1_32' title="bbox 0 0 1204 3840; baseline 0 0"><span class='ocrx_word' id='word_1_196' title='bbox 0 0 1204 3840; x_wconf 95' lang='lat' dir='ltr'> </span> 
     </span>
    </p>
   </div>
  </div>
 </body>
</html>
