2400 3840
67 140 89 199 L
436 137 714 190 raocueouusr.

66 297 123 335 non
146 280 235 334 audeo
259 278 423 334 discernere.
465 293 556 346 neque
579 276 673 332 minus
697 277 796 331 dubito
820 276 856 330 de
878 294 905 347 p.
922 281 989 345 152,
1004 281 1084 346 4—5,

67 360 202 429 quoniam
216 358 304 413 uerba
317 358 395 414 line
410 361 455 427 ίτη
466 364 526 411 -6
541 353 640 417 δοθείς
658 355 689 409 in
702 356 721 409 b
740 354 852 410 librarii
870 354 982 410 incuria
996 354 1085 410 inter-

68 440 205 495 ciderimt.
237 439 287 493 sed
300 437 483 493 manifestum
501 440 552 506 est,
571 437 665 491 locum
684 452 701 488 a
720 434 911 506 compluribus
929 434 1084 504 interpola

68 520 177 574 toribus
191 519 371 589 inquinatum
384 533 454 573 esse.
477 534 544 570 nam
558 518 590 571 ut
603 515 677 570 illud
690 515 864 586 τετράγωνον
875 515 928 586 γάρ
943 515 1084 583 omittam,

70 601 212 669 σύγκειται
230 600 284 670 γάρ
302 597 448 667 inprimis
467 613 500 652 ee
519 596 594 664 loce,
618 595 668 650 ubi
687 596 919 665 deprehenditur,
939 595 1011 664 quid
1030 595 1084 650 sibi

69 681 147 749 uelit,
166 696 224 732 non
241 677 385 750 intellego,
404 694 456 731 nec
473 675 574 746 magis,
594 675 734 744 quomodo
753 675 850 745 exiis,
870 691 943 744 quae
957 675 1084 746 proxime

69 760 248 827 antecedunt,
269 758 416 826 efficiatur,
436 755 575 811 rationem
593 760 644 809 ΑΖ
659 780 665 811 :
681 759 738 809 ΕΔ
756 756 854 810 datam
873 772 943 825 esse,
962 755 995 809 id
1008 755 1084 824 quod

68 841 215 909 praeterea
236 836 310 891 nulli
332 836 379 892 hie
404 836 468 890 usui
491 837 547 902 est;
570 852 598 889 u.
617 852 644 903 p.
661 840 712 889 153
725 837 784 891 not.
821 837 931 891 restant
950 835 1002 890 alii
1020 835 1084 905 loci,

68 918 171 987 quibus
189 918 247 970 n'on
265 915 443 971 mediocriter
462 914 595 983 offendar,
614 913 695 969 uelut
712 933 739 984 p.
752 921 820 985 78,6
836 912 1023 970 δέδοται-7
1040 936 1084 985 με·

68 1001 163 1068 γέθει;
182 1016 209 1067 p.
226 1002 285 1064 126,
302 1002 335 1050 16
356 994 438 1067 ἐχέτω
453 1001 536 1049 -17
556 991 725 1064 δεδομένους
745 995 795 1049 scd
813 993 943 1049 codicum
961 995 1084 1051 aucteri-

69 1079 159 1132 tatem
177 1075 261 1129 nimis
280 1075 455 1130 labefactare
472 1074 569 1130 nolim.
599 1074 633 1128 de
652 1073 918 1145 interpolationibus
938 1091 956 1128 a
970 1074 1085 1130 Theone

70 1156 192 1212 excussis
212 1173 297 1225 supra
316 1155 423 1210 dictum
442 1157 492 1210 est.
512 1186 547 1195 —
567 1173 594 1225 p.
612 1160 672 1223 132,
687 1159 721 1206 λθ
741 1151 845 1209 ἔστι-
862 1160 894 1208 21
914 1155 1038 1210 δοθεῖσα
1056 1155 1086 1209 in

70 1237 210 1307 adparatu
233 1252 270 1290 cr.
295 1235 454 1305 significaui
477 1236 598 1289 fortasse
622 1233 796 1304 interpolata
819 1250 888 1289 esse.
935 1235 1014 1304 quod
1037 1252 1085 1290 cur

70 1334 127 1371 non
142 1316 377 1386 adseuerauerim,
393 1317 463 1370 duas
477 1314 656 1386 potissimum
668 1314 759 1368 habeo
775 1329 884 1384 causas,
898 1331 995 1384 unam,
1009 1315 1086 1384 quod
1138 1366 1141 1376 ,

70 1396 202 1451 Euclides
221 1396 308 1465 nullo,
328 1398 466 1465 quantum
479 1394 603 1463 memini,
622 1393 685 1448 loco
700 1394 798 1448 eodem
812 1393 964 1449 breuitatis
982 1411 1085 1466 genere

69 1477 167 1545 utitur,
182 1477 310 1545 alteram,
325 1476 401 1545 quod
415 1475 557 1529 Thoonem
573 1473 699 1544 suspicor
713 1474 785 1528 nihil
799 1474 887 1529 imese
900 1477 1085 1544 mutaturum,

71 1559 94 1610 si
118 1557 169 1611 illa
193 1556 281 1610 uerba
303 1555 333 1610 in
359 1553 513 1625 exemplari
536 1554 597 1608 eius
620 1552 783 1608 defuissent.
821 1571 940 1623 cumque
960 1555 993 1608 in
1010 1572 1085 1610 com·

70 1636 148 1689 muni
175 1635 253 1689 fonte
281 1635 362 1691 codd.
381 1615 497 1690 Piacv
525 1632 585 1688 sine
613 1632 699 1688 dubio
726 1633 849 1704 margini
877 1652 962 1705 supra
991 1634 1084 1705 ipsum

28 1767 32 1774 .
71 1715 207 1771 scholium
220 1733 261 1768 nr.
273 1719 324 1768 143
340 1713 483 1784 adscripta
498 1716 599 1783 essent,
619 1730 675 1767 non
689 1715 858 1783 potestesse
876 1714 988 1784 mirum,
1007 1715 1084 1786 quod

73 1800 102 1851 et
119 1795 251 1850 librarius
270 1794 375 1849 codicis
393 1794 458 1849 Vat.
479 1792 668 1863 existimauit,
687 1793 847 1848 omissionis
866 1794 979 1865 signum
997 1795 1085 1851 etiam

72 1876 108 1929 ad
123 1876 210 1930 uerba
224 1873 308 1928 huius
324 1873 424 1929 scholii
437 1873 587 1945 pertinere,
602 1876 631 1928 et
645 1872 777 1928 librarius
792 1873 897 1929 codicis
907 1891 925 1927 v
939 1873 1013 1928 illud
1028 1874 1085 1931 ἔστι

72 1955 103 2010 δὲ
123 1954 206 2022 καὶὴ
226 1954 281 2009 ὐπὸ
296 1959 323 2008 Κ
328 1958 377 2008 ΓΒ
397 1957 518 2010 δοθεῖσα
536 1957 646 2024 partem
666 1952 725 2008 eius
740 1970 801 2008 esse
815 1953 1019 2024 interpretatus
1034 1959 1084 2012 est.

142 2035 252 2089 Primus
267 2034 302 2089 de
317 2035 455 2089 Daturum
469 2034 541 2088 libro
555 2034 668 2104 Pappus
683 2033 842 2089 accuratius
857 2035 987 2105 exposuit
1001 2039 1086 2106 atque

71 2115 102 2168 in
125 2131 157 2168 eo
181 2113 349 2183 exemplari,
377 2113 452 2182 quod
479 2113 510 2167 in
536 2113 668 2167 manibus
694 2113 834 2183 habebat,
862 2114 1087 2184 propositionum

71 2211 229 2261 numerum,
249 2193 273 2246 si
293 2209 357 2246 cum
375 2192 478 2247 nostris
498 2191 642 2246 codicibus
661 2193 827 2263 contuleris
851 2196 932 2264 patet
949 2194 1087 2252 minorem

71 2274 166 2328 fuisse.
204 2271 274 2325 dicit
296 2271 373 2325 enim
390 2271 446 2326 uol.
461 2271 488 2324 H
504 2291 531 2342 p.
547 2276 608 2340 638,
624 2279 775 2343 1-640,1
796 2274 838 2329 ed.
858 2274 980 2329 Hultseh
1002 2276 1085 2333 haec:

71 2352 195 2423 περιέχει
210 2351 240 2406 δὲ
255 2350 286 2404 τὸ
301 2359 411 2419 πρῶτον
423 2352 539 2423 βιβλίον,
554 2349 622 2420 ὅπερ
633 2347 708 2406 ἐστὶν
722 2362 777 2408 τῶν
788 2350 957 2424 δεδομένων,
972 2354 1086 2410 ἅπαντα
1124 2386 1126 2391 ·

71 2430 244 2500 θεωρήματα
267 2425 449 2498 ένενήιιοντα·
479 2426 518 2486 ὧν
541 2440 638 2501 πρῶτα
663 2433 715 2502 μὲν
738 2432 865 2489 καθόλου
886 2429 933 2488 zat
955 2440 1087 2505 μεγεθῶν

72 2509 273 2581 διαγράμματα
292 2509 348 2580 κγ’,
375 2509 408 2564 τὸ
432 2509 463 2565 δέ
488 2511 517 2564 δ’
537 2513 586 2566 καὶ
605 2512 633 2566 κ’
654 2507 685 2567 έν
706 2514 833 2576 εὐθείαις
852 2508 926 2567 έοτίν
946 2515 1087 2586 ἀνάλογον

73 2592 142 2645 άνευ
160 2589 275 2653 θέσεως.
316 2589 352 2643 τά
374 2589 406 2645 δὲ
426 2584 489 2660 ἓξῆς
511 2592 620 2655 τούτοις
639 2593 679 2647 ιδ’
701 2589 732 2648 έν
756 2595 883 2656 εὐθείαις
907 2589 982 2649 ἐστίν
1005 2595 1087 2652 θέσει

74 2669 253 2740 διδομέναις·
277 2669 312 2725 τά
335 2669 366 2725 δέ
380 2669 493 2734 τούτοις
517 2666 580 2741 έξῆς
599 2673 621 2726 ι’
642 2668 689 2728 έπὶ
706 2674 847 2747 τριγώνων
866 2670 942 2729 ἐστὶν
959 2681 998 2748 τῷ
1017 2678 1087 2731 εἴδει

74 2750 233 2820 δεδομένων
258 2751 327 2806 ἄνευ
351 2749 464 2815 θέσεως.
504 2751 540 2805 τά
563 2751 594 2807 δὲ
619 2747 682 2822 έξῆς
703 2753 812 2817 τούτοις
831 2754 855 2820 ζ’
876 2749 923 2808 ert
944 2754 1087 2824 τυχόντων

74 2828 149 2886 ἐστὶν
174 2831 380 2902 εὐθυγράμμων
404 2834 512 2902 χωρίων
536 2835 607 2888 είδει
629 2831 788 2903 δεδομένων
812 2833 881 2888 άνευ
899 2831 1015 2897 θέσεως.
1052 2834 1088 2890 τά

74 2912 106 2967 δὲ
131 2909 193 2980 έξῆς
217 2912 325 2975 τούτοις
344 2912 372 2972 ς’
393 2908 424 2968 έν
441 2913 739 2984 παραλληλογράμμοις
762 2909 820 2968 έστλ
843 2913 892 2968 καὶ
911 2917 1088 2988 παραβολαῖς

75 2995 144 3048 εἴδει
168 2990 328 3061 δεδομένων
350 2996 466 3063 χωρίων.
508 3002 563 3048 τῶν
588 2993 620 3048 δὲ
644 2988 784 3063 έχομένων
804 2993 829 3047 ε’
849 2994 880 3049 τὸ
900 2994 951 3063 μὲν
974 3004 1087 3064 πρῶτον

1 3105 3 3118 ι
73 3069 255 3142 γραφόμενύν
275 3068 361 3141 ἔστιν,
385 3072 420 3128 τά
439 3072 470 3128 δέ
490 3073 519 3127 δ’
540 3069 587 3128 tat
607 3074 748 3143 τριγώνων
767 3075 888 3143 χωρίων,
913 3068 958 3130 ὅτι
975 3073 1008 3129 αἱ
1021 3077 1089 3143 δια-

75 3153 162 3223 φοραὶ
175 3161 230 3206 τῶν
245 3151 392 3222 δυνάμεων
410 3161 465 3207 τῶν
479 3157 606 3223 πλευρῶν
624 3152 694 3223 πρὸς
708 3162 796 3207 ταῦτα
813 3152 849 3207 τὰ
862 3155 984 3224 τρίγωνα
998 3158 1089 3225 χωρία

75 3231 157 3301 λόγον
177 3232 288 3302 ἔχουσιν
307 3231 468 3303 δεδομένον.
506 3233 541 3288 τά
565 3233 596 3289 δὲ
621 3228 684 3303 ἕξῆς
703 3234 727 3299 ζ’
748 3232 800 3297 ἓως
821 3242 871 3288 τού
891 3234 918 3289 ο’
939 3234 987 3288 καὶ
1006 3235 1034 3304 γ’
1057 3231 1088 3290 έν

75 3312 139 3366 δυσὶ
157 3313 461 3384 παραλληλογράμμοις,
481 3312 523 3368 ὅτι
542 3314 592 3369 διά
608 3315 659 3376 τδις
677 3313 707 3367 ἐν
722 3319 784 3376 ταῖς
802 3315 916 3383 γωνίαις
934 3313 1088 3379 ὑποθέσεις

75 3386 107 3446 έν
129 3391 292 3464 δεδομένοις
314 3389 389 3449 έοτλν
411 3393 504 3463 λύγοις
526 3395 596 3464 πρὸς
618 3393 735 3462 ἄλληλα,
764 3392 827 3448 ἔνια
850 3393 882 3449 δὲ
901 3393 1006 3449 τούτων
1026 3389 1088 3449 έπι-

74 3471 172 3542 λόγους
195 3473 252 3544 ἔχει
276 3473 389 3544 ὁμοίους
411 3469 443 3529 έν
466 3474 530 3529 δυσὶ
552 3474 705 3544 τριγώνοις.
743 3468 774 3528 έν
798 3474 830 3530 δὲ
853 3481 911 3537 τοίς
935 3474 1037 3544 ἐφεξῆς
1056 3476 1086 3534 ς’
