2400 3840
524 188 687 242 SCHOLIA.
1041 189 1105 254 307

93 352 248 413 γραμμον
270 331 421 418 τριγώνῳ
445 331 546 414 βάσιν
568 334 624 416 ἒχή
647 334 708 416 τήν
731 332 835 417 αὐτήν
858 327 956 420 καλή
979 333 1016 399 ἐν
1034 345 1106 411 ταῖς

93 436 209 512 αὐταῖς
222 438 454 521 παραλλήλοις,
469 438 645 503 διπλάσιον
660 441 750 503 ἔσται
762 441 800 504 τὸ
809 443 1106 527 παραλληλόγραμ-

93 565 158 626 μον
180 551 241 607 τοῦ
264 544 443 629 τριγώνου·
468 545 645 609 διπλάσιον
665 547 730 632 άρα
751 548 789 612 τὸ
812 553 844 611 Α
851 549 883 611 Γ
899 551 1105 632 παραλληλό-

92 672 245 733 γραμμον
263 658 323 714 τοῦ
338 655 443 716 ΑΒΓ
460 652 636 736 τριγώνου.
672 651 793 736 ὁμοίως
811 654 852 736 δή
872 652 1031 738 δείξομεν,
1054 654 1105 718 ὅτι

91 754 148 819 καὶ
165 757 202 820 τὸ
221 756 286 821 ὑπὸ
305 768 372 822 τῶν
390 765 423 823 Α
429 761 466 841 Γ,
481 762 543 822 ΒΛ
562 757 738 823 διπλάσιόν
757 757 826 824 ἐστι
845 768 904 823 τοῦ
920 763 1025 824 ΑΒΓ
1038 783 1105 846 τρι·
1140 771 1157 820 6

92 863 217 944 γώνου·
241 864 282 928 τὰ
301 860 338 928 δὲ
356 873 416 928 τοῦ
435 865 539 929 αὐτοῦ
558 864 714 929 διπλάσια
738 871 793 929 λοα
819 865 974 948 άλλήλοις
1001 865 1104 931 ἐστίν·

92 974 167 1034 ἴσον
189 971 254 1055 άρα
276 970 314 1034 τὸ
337 970 402 1035 ὑπὸ
425 982 493 1035 τῶν
512 974 583 1054 ΒΓ,
602 975 671 1035 ΑΕ
691 981 737 1058 τῷ
760 971 825 1037 ὑπὸ
849 983 917 1036 τῶν
939 976 1014 1055 ΑΓ,
1033 976 1103 1037 ΒΛ.

160 1076 233 1140 169.
265 1073 332 1140 Καὶ
358 1085 417 1160 τῆς
443 1079 511 1141 ΒΓ
538 1077 622 1162 πρὸς
648 1081 717 1141 ΑΕ
741 1100 772 1161 p.
799 1078 875 1162 156,
900 1078 934 1162 6]
968 1079 1013 1156 ώς
1039 1081 1103 1165 γάρ

91 1182 128 1245 τὸ
158 1180 220 1246 άπὸ
249 1192 307 1266 τῆς
332 1185 400 1247 ΒΓ
426 1184 509 1268 πρὸς
541 1184 578 1248 τὸ
605 1181 671 1248 ὑπὸ
699 1194 767 1248 τῶν
795 1187 867 1268 ΒΓ,
894 1190 977 1269 ΑΕ,
1008 1210 1104 1251 τουτ-

91 1285 160 1352 έστι
193 1289 229 1353 τὸ
259 1292 321 1354 ΓΟ
352 1290 435 1375 πρὸς
467 1290 503 1354 τὸ
533 1292 606 1373 ΓΡ,
638 1289 744 1366 οὕτως
770 1289 791 1373 6
819 1294 888 1356 ΒΓ
912 1294 996 1378 πρὸς
1018 1298 1102 1357 ΑΕ·
1123 1305 1157 1353 16

91 1392 225 1458 δέδοται
247 1391 284 1459 δὲ
307 1397 344 1460 τὸ
364 1395 427 1460 άπὸ
446 1405 504 1480 τῆς
522 1400 590 1461 ΒΓ
607 1398 690 1483 πρὸς
707 1397 744 1460 τὸ
763 1396 828 1461 ὑπὸ
847 1409 914 1463 τῶν
932 1402 1005 1482 ΒΓ,
1020 1405 1102 1464 ΑΒ·

91 1501 197 1578 οὕτως
219 1501 283 1586 γὰρ
307 1500 441 1585 ἐδείχθη
459 1503 523 1588 πρὸ
543 1510 678 1588 μικροῦ·
701 1500 833 1567 δέδοται
853 1505 917 1589 άρα
935 1502 991 1568 καὶ
1009 1504 1026 1570 δ
1045 1515 1104 1590 τῆς

90 1610 160 1671 ΒΓ
176 1609 259 1692 πρὸς
281 1614 314 1672 Α
319 1612 351 1672 Ε
372 1611 477 1691 λόγος.

160 1714 231 1778 170.
264 1712 331 1779 Καὶ
353 1714 535 1801 γεγράφθω
560 1713 612 1780 ε’πλ
640 1723 697 1798 τῆς
721 1718 794 1779 ΖΗ
816 1739 846 1800 p.
869 1716 941 1800 156,
966 1718 1020 1801 19]
1046 1717 1103 1782 διά

89 1821 127 1884 τὸ
151 1818 205 1902 λγ’
228 1829 288 1884 τοῦ
311 1818 345 1904 γ’
369 1824 501 1905 βιβλίου
524 1821 718 1886 Εὐκλείδου.
1121 1835 1154 1884 16

160 1927 232 1992 171.
264 1928 358 2012 Πρὸς
380 1930 441 2012 τήν
464 1932 533 1992 ΑΒ
558 1929 672 2004 δοθείς
695 1927 740 2012 [p.
765 1928 843 2013 158,
865 1929 910 2013 6.
958 1929 1016 1995 ε’άν
1039 1931 1101 2017 γάρ

90 2033 147 2096 διά
170 2044 237 2097 τῶν
261 2036 345 2117 Γ,Β
368 2044 407 2119 τῇ
430 2038 492 2099 ΕΑ
515 2036 746 2119 παραλλήλους
769 2033 957 2119 άγάγωμεν,
980 2035 1102 2120 ὁμοίως

90 2135 127 2203 δὲ
150 2137 205 2203 καὶ
228 2139 284 2203 διά
304 2147 364 2203 τοῦ
383 2145 416 2203 Α
438 2150 478 2225 τῇ
497 2143 569 2224 ΒΓ,
594 2142 684 2204 ἔσται
702 2141 739 2204 τὸ
758 2144 1102 2227 παραλληλόγραμμον

32 2272 33 2276 ’
89 2244 301 2331 ὀρθογώνιον
324 2246 380 2309 διά
402 2247 440 2310 τὸ
466 2251 539 2322 λὀας
561 2249 716 2328 γίνεσθαι
738 2247 797 2323 τάς
819 2250 943 2329 γωνίας
960 2244 1102 2332 ἑκάστην

89 2362 129 2437 τῇ
152 2351 217 2416 ὑπὸ
241 2355 358 2416 ΑΕΓ·
391 2353 571 2434 δοθήσεται
594 2353 658 2438 άρα
687 2354 724 2416 τὸ
747 2356 1101 2441 παραλληλόγραμμον,
1120 2367 1155 2417 20

88 2456 145 2523 καλ
168 2460 258 2522 ἔσται
281 2460 379 2540 λόγος
401 2467 459 2542 τής
482 2462 551 2523 ΒΓ
566 2461 649 2544 πρὸς
670 2459 732 2542 τήν
756 2462 832 2524 ΓΜ
850 2461 978 2546 δοθείς,
1005 2485 1100 2527 τουτ-

89 2564 158 2630 έστι
181 2566 263 2650 πρὸς
285 2565 347 2649 τήν
369 2569 449 2630 ΒΑ·
479 2571 532 2648 ἴση
555 2566 618 2651 γάρ
642 2566 662 2649 ή
686 2569 763 2631 ΓΜ
779 2574 819 2651 τῇ
842 2571 918 2632 ΒΑ.

162 2709 212 2757 169
232 2702 438 2772 Ρλλοοασρλ
508 2709 567 2758 170.
586 2703 652 2758 Ρ1λ.
726 2711 785 2761 171.
804 2705 1006 2775 Ρλλολπορλ

161 2833 184 2881 2.
207 2827 294 2898 ἔσται]
313 2827 370 2881 άπδ
389 2826 427 2881 1λ.
519 2833 543 2881 4.
569 2825 733 2920 δμοίως]”
701 2849 771 2883 ουτω
774 2850 830 2897 ςρ
921 2835 945 2884 6.
964 2827 1051 2883 τά-
1074 2837 1097 2885 7.

88 2899 149 2987 ΒΔ]
170 2914 222 2953 om.
238 2899 353 2967 Γιώρα
437 2904 460 2952 6
480 2906 578 2952 τοῦ-
598 2897 656 3024 ἰωή
675 2903 712 2971 τῷ
731 2901 806 2972 αὐτῷ
825 2899 871 2953 λοα
890 2896 980 2954 καλλ.
1055 2906 1096 2955 10.

88 2989 119 3023 το
112 2968 217 3059 (616)]
237 2986 290 3023 om.
305 2919 345 3023 16
416 2975 457 3023 11.
478 2966 522 3041 δέ]
541 2968 634 3037 ἄραδ
666 2990 690 3037 ρ
764 2955 805 3025 16.
824 2970 928 3039 τήν-
949 2973 1086 3026 δοθεῖσαν

87 3040 172 3095 τό-
193 3039 283 3096 δοθὲν
301 3040 366 3094 Ρ1λ.
449 3046 490 3095 17.
510 3041 577 3112 τῶν]
596 3061 629 3109 τη
622 3040 684 3110 ’ν1,
702 3049 752 3095 τοῦ
735 3059 815 3110 υ.σρ
894 3042 1087 3110 παραλλήλους

89 3132 138 3167 -ον
157 3130 182 3166 v.
237 3113 293 3181 ἀγα
286 3110 397 3183 ’γωμεν]
417 3111 569 3182 άγωμενσ.
611 3062 740 3183 ηὁμοίιος]
761 3112 873 3181 δμοῦρ.
947 3119 988 3168 18.
1010 3112 1087 3167 ἔσται

88 3200 177 3253 comp.
197 3183 297 3253 PVat,
317 3183 372 3237 αλ.
437 3187 478 3236 19.
499 3183 686 3255 ὀρθογώνιον]
707 3182 1097 3274 ὀρθήν(οοα1μ.ω)γν1ανρ.

125 3202 201 3380 665
188 3262 237 3308 τοῦ
221 3275 280 3322 υρ.
336 3252 382 3308 ἰσα
370 3254 420 3378 ἑς]
426 3253 471 3307 λ’σα
453 3275 539 3324 αςγω
518 3253 640 3322 ω.νίαςρ
659 3251 813 3381 ἑγωνίαςή
830 3272 922 3344 οιαρ
978 3253 1098 3324 ἑκάστην

87 3327 133 3398 πή]
166 3323 350 3394 κάοτηςΡΙν,
324 3323 487 3394 ἑκάστης
500 3325 551 3394 τήν
565 3325 672 3396 Va6,6
674 3334 780 3396 Ἶτήςο
814 3324 917 3395 κατώρα
899 3326 997 3397 αςτήν
1010 3335 1097 3396 τήςρ.

125 3403 167 3452 20.
188 3395 348 3452 δοθεισεται
366 3397 466 3466 7669,
489 3413 556 3452 corr.
577 3416 602 3451 ει
619 3397 693 3466 ἱοη.
781 3404 822 3453 21.
841 3395 1034 3453 τουτέστιν-
1055 3403 1097 3454 22.

89 3470 153 3540 ΕΛ]
178 3485 231 3524 om.
250 3487 276 3524 v.
348 3473 391 3522 22.
416 3471 467 3522 ΕΛ
507 3471 568 3523 ΕΗ
587 3469 650 3523 Vat
670 3471 835 3538 (suprascr
853 3469 1098 3525 m.1alioatra-

88 3542 184 3594 mento
203 3544 278 3610 Α)ρ.
352 3538 396 3609 λ’σή
415 3538 469 3609 γάρ
502 3539 633 3610 ἰσογώνια
652 3556 740 3610 comp.
760 3540 805 3596 Pl.

889 3632 944 3682 ⁴26*
