2400 3840
469 200 478 215 ,
519 152 624 204 DATA.
1036 148 1080 212 55

58 293 144 357 duae
167 293 272 358 lineae
296 293 458 376 positione
482 293 575 357 datae
598 293 684 358 inter
708 315 740 358 se
765 299 889 378 secant,
906 299 1079 377 punctum,

46 399 97 483 ‘in
135 421 199 483 quo
235 399 323 462 inter
356 421 389 463 se
423 402 547 482 secant,
586 399 699 463 datum
735 403 784 463 est
823 399 927 482 [prop.
957 397 1079 483 XXV]3

59 526 162 589 quare
184 509 343 589 punctum
365 510 399 570 Δ
422 505 534 569 datum
557 509 616 568 est.
652 527 766 568 uerum
790 505 889 568 etiam
913 511 945 569 A
968 506 1080 570 datum

25 610 29 615 ’
60 616 121 676 est.
159 633 237 697 ergo
260 614 350 675 reeta
369 615 440 674 ΑΔ
462 610 624 692 positione
648 610 724 674 data
747 615 797 674 est
821 610 925 693 [prop.
945 609 1079 694 XXVI]

503 838 637 904 XXXII.

131 963 167 1029 Si
191 965 231 1028 ad
253 964 423 1048 parallelas
446 963 609 1048 positione
628 965 720 1029 datas
740 970 828 1030 reeta
847 966 933 1030 linea
952 966 1080 1030 ducitur
1109 1003 1114 1012 ·

58 1072 158 1135 datos
174 1069 316 1135 efficiens
331 1069 478 1154 angulos
493 1070 589 1134 dueta
602 1075 690 1134 reeta
699 1071 923 1157 magnitudine
934 1072 1009 1135 data
1020 1076 1079 1136 est.

130 1198 208 1240 nam
235 1176 276 1239 ad
297 1175 469 1258 parallelas
493 1179 572 1258 AB,
593 1178 653 1239 ΓΛ
681 1176 843 1258 positione
872 1177 964 1241 datas
992 1183 1081 1242 reeta

58 1282 150 1347 linea
169 1286 232 1345 ΕΖ
256 1282 392 1346 dueatur
415 1281 508 1344 datos
533 1281 676 1346 efficiens
695 1284 833 1368 angulos
851 1287 958 1367 BEZ,
975 1288 1080 1348 ΕΖΔ.

59 1389 148 1473 dieo,
170 1392 294 1453 rectam
316 1391 380 1451 ΕΖ
404 1387 514 1451 datam
537 1409 606 1452 esse
631 1389 861 1473 magnitudine.
978 1405 989 1430 ‘

131 1517 207 1559 nam
231 1497 378 1559 sumatur
399 1493 435 1557 in
457 1497 546 1558 recta
570 1496 631 1557 ΓΛ
654 1495 766 1558 datum
788 1500 944 1579 punctum
969 1500 1018 1578 H,
1047 1501 1080 1559 et

58 1623 122 1687 per
149 1604 189 1663 H
215 1604 321 1665 rectae
350 1604 413 1663 ΕΖ
444 1599 600 1682 parallelo
628 1600 765 1664 dueatur
792 1604 830 1663 H
836 1604 871 1664 Θ.
927 1601 1081 1683 quoniam

626 1760 628 1764 .
653 1710 724 1769 ΗΘ
741 1705 897 1789 parallela
911 1709 960 1769 est
975 1711 1081 1770 rectae

60 1859 84 1908 A
228 1810 253 1863 Θ
419 1811 444 1861 Ε
471 1811 476 1821 ’
562 1813 583 1860 Β
649 1815 713 1874 ΕΖ
737 1815 769 1874 et
787 1810 822 1874 in
847 1833 900 1874 eas
924 1815 1013 1876 recta
1035 1811 1082 1875 in-

650 1916 728 1981 oidit
753 1919 826 2000 ΓΛ,
850 1917 912 1980 erit

651 2026 949 2098 LEZA=HHA
964 2023 1080 2107 [Lae]

650 2150 764 2192 uerum
788 2129 882 2192 datus
907 2134 956 2194 est
982 2151 1082 2215 angu-

63 2223 628 2323 F--T--Tnj‘
651 2236 702 2298 lus
721 2240 831 2320 ΕΖΛ;
853 2234 963 2320 itaque
982 2237 1081 2300 etiam

652 2341 790 2427 angulus
804 2346 905 2406 ΘΗΛ
921 2343 1015 2407 datus
1031 2347 1081 2406 est

64 2448 142 2534 [def.
155 2447 198 2532 1].
225 2448 292 2512 iam
307 2446 461 2531 quoniam
476 2447 516 2510 ad
530 2451 653 2511 rectam
668 2450 728 2512 ΓΛ
746 2448 909 2530 positione
925 2450 1034 2513 datam
1049 2454 1081 2513 et

64 2556 178 2619 datum
196 2558 354 2638 punctum
372 2553 408 2617 in
423 2576 460 2617 ea
473 2553 619 2637 positum
633 2557 673 2617 H
690 2559 780 2618 reeta
794 2555 880 2620 linea
896 2559 967 2620 ΗΘ
986 2557 1082 2620 ducta

62 2665 115 2725 est
135 2661 248 2724 datum
267 2659 409 2725 efficiens
429 2658 585 2745 angulum
608 2663 718 2744 ΘΗΖ,
740 2660 903 2744 positione
924 2662 1000 2725 data
1019 2662 1081 2726 erit

63 2770 137 2830 ΗΘ
161 2765 265 2851 [prop.
284 2764 437 2849 XXIX].·
464 2787 578 2829 uerum
603 2765 702 2829 etiam
726 2769 791 2830 AB
818 2766 982 2850 positione
1007 2768 1082 2831 data

63 2876 123 2936 est.
162 2893 240 2957 ergo
261 2875 419 2955 punctum
440 2875 468 2934 Θ
491 2871 603 2934 datum
622 2875 671 2934 est
691 2870 794 2956 [prop.
814 2870 931 2955 xm
968 2894 1082 2936 uerum

64 2977 166 3041 etiam
184 2980 224 3040 H
243 2977 355 3040 datum
378 2980 436 3039 est.
472 2975 582 3059 itaque
602 2979 673 3039 ΗΘ
696 2977 771 3041 data
790 2982 840 3041 est
858 2977 1081 3062 magnitudine

64 3083 171 3168 [prop.
186 3081 325 3167 XXVI];
349 3086 382 3146 et
401 3082 543 3164 aequalis
564 3086 614 3145 est
632 3085 738 3144 restae
758 3086 821 3144 ΕΖ
841 3081 965 3166 [1,34].
1003 3105 1081 3169 ergo

63 3189 165 3255 etiam
187 3192 251 3253 ΕΖ
275 3188 350 3251 data
372 3192 422 3252 est
445 3186 668 3272 magnitudine
693 3186 767 3269 [def.
790 3186 832 3270 1].

62 3413 153 3485 μένην
178 3447 211 3459 -
234 3420 276 3470 21.
304 3416 404 3486 ΘΗΖ]
434 3431 487 3469 om.
507 3431 532 3469 a.
606 3418 665 3501 ΘΖ.
694 3410 759 3538 wli
783 3429 868 3482 supra
897 3413 961 3468 add.
991 3432 1080 3487 comp.

62 3505 99 3543 m.
119 3493 136 3542 2
156 3505 182 3541 v.
256 3483 359 3560 σημείῳ
377 3504 403 3541 v.
477 3491 518 3540 23.
539 3484 640 3555 dodon]
661 3500 713 3538 om.
760 3486 797 3538 at.
