2400 3840
522 120 626 173 DATA.
1014 125 1077 190 179

71 260 234 345 positione
258 260 351 325 datus
376 265 432 325 est.
467 262 579 327 datum
598 268 648 328 est
666 263 769 349 igitur
788 272 820 329 A
843 266 948 352 [prop.
962 268 1079 354 XXV]

70 391 186 432 nerum
213 366 312 431 etiarn
341 369 373 430 Γ
401 366 513 431 datum
545 373 603 433 est.
649 390 726 453 ergo
755 374 827 434 ΑΓ
851 371 1014 455 positione
1047 380 1080 440 et

71 473 294 560 magnitudine
318 473 394 538 data
418 477 468 538 est
491 474 596 558 [prop.
614 473 768 559 XXVI}-

465 633 472 645 ’
535 666 618 733 xor.

138 792 171 858 Si
199 797 289 858 extra
319 792 474 857 circulum
506 794 593 877 posit
593 794 667 858 ione
697 795 752 860 dat
737 799 808 860 tum
839 801 996 881 punctum
1024 799 1080 862 eli·

71 900 156 984 quod
184 900 294 964 datum
324 899 476 984 sumitur,
504 904 536 963 et
559 921 578 963 a
599 906 721 984 punoto
686 903 790 966 tad
813 903 968 969 circulum
991 911 1080 971 reeta

70 1007 180 1090 alique
198 1006 286 1071 ducit
272 1011 334 1089 t‚ur
357 1007 583 1090 reotangulum
602 1008 699 1073 dueta
717 1014 805 1074 reeta
829 1015 861 1075 et
885 1016 973 1076 reete
995 1012 1080 1077 inter
1165 1064 1172 1078 .

70 1117 226 1197 punctum
258 1117 291 1177 et
320 1134 496 1177 connexam
523 1113 665 1179 ambitus
700 1120 826 1200 partem
856 1117 964 1201 posite
996 1140 1080 1184 eorn-

68 1220 263 1305 prehensum
286 1218 398 1282 datum
421 1223 480 1283 est.
1106 1292 1110 1299 .

137 1348 212 1390 nam
236 1330 328 1389 extra
352 1325 507 1391 circulum
530 1327 693 1410 positione
717 1329 828 1395 datum
851 1335 957 1396 ΑΒΓ
976 1355 1080 1397 suma-

70 1438 124 1496 tur
146 1436 303 1516 punetum
328 1431 458 1516 aliquod
480 1439 522 1517 A,
545 1437 578 1497 et
600 1457 619 1497 a
641 1440 763 1518 puncto
781 1442 814 1499 A
837 1437 973 1502 dueatur
991 1445 1080 1504 reete

597 1540 705 1626 aliqua
715 1547 777 1606 AB
791 1543 946 1607 circulum
957 1566 1079 1609 seeans.

596 1647 1078 1731 dioo‚datumesseBA><AE

663 1754 799 1819 dueatur
835 1775 853 1816 a
891 1760 1013 1838 puncto
1046 1762 1080 1820 Δ

595 1864 684 1924 reeta
708 1860 864 1924 circulum
882 1864 988 1925 ΑΒΓ
1006 1883 1079 1927 eon-

512 2004 540 2065 Δ
595 1967 724 2051 tingens
744 1971 809 2029 ΑΔ
828 1965 982 2051 [ΙΠ,17].
1020 1967 1078 2032 ita-

596 2095 657 2157 que
676 2079 743 2137 ΑΔ
769 2071 931 2156 positione
958 2077 991 2137 et
1014 2095 1078 2137 rna·

596 2177 764 2265 gnitudine
793 2178 868 2241 data
895 2183 945 2242 est
973 2178 1078 2264 [prop.

70 2288 150 2374 XGJ.
193 2291 260 2354 iam
284 2289 438 2373 quoniam
460 2295 527 2354 ΑΔ
550 2288 627 2351 data
649 2290 711 2370 est,
734 2284 833 2350 etiem
857 2284 944 2348 AA2
967 2287 1079 2351 datum

70 2396 132 2462 erit
155 2397 259 2481 [prop.
282 2395 368 2480 Lu}
415 2400 448 2460 et
470 2400 520 2460 est
542 2392 626 2459 ΑΔ2
641 2425 681 2444 =
697 2397 760 2457 BA
775 2409 817 2461 ><
831 2398 865 2456 Δ
871 2396 903 2456 Γ
921 2392 994 2479 [HL
1012 2392 1078 2476 36],

69 2524 147 2588 ergo
171 2507 235 2567 BA
248 2519 291 2570 ><
304 2508 338 2567 Δ
344 2505 376 2565 Γ
394 2503 506 2566 datum
529 2505 579 2565 est
603 2499 677 2585 [def.
698 2499 755 2587 1].,

446 2755 448 2759 .
524 2691 623 2759 XCII.

138 2822 173 2888 Si
200 2824 289 2887 intra
317 2820 473 2887 circulum
505 2819 667 2904 positione
696 2818 808 2882 datum
839 2823 996 2902 punoturn
1024 2817 1080 2882 ali-

72 2931 158 3016 quod
181 2930 292 2994 detum
317 2927 464 3011 sumitur,
491 2930 524 2990 et
546 2947 603 3009 per
626 2929 782 3009 punctum
800 2928 889 2989 reeta
908 2924 1017 3007 alique
1040 2923 1080 2986 ad

70 3037 228 3104 eireulunr
251 3034 389 3120 ducitur,
411 3032 635 3118 reotungulum
659 3030 807 3114 partibus
832 3029 946 3095 ductae
970 3032 1077 3094 restae

70 3143 339 3278 comprehensum
362 3141 417 3205 det
403 3146 475 3205 tum
498 3143 556 3202 est.
664 3212 667 3219 Ι

591 3262 727 3268 .--.-.-.

68 3354 111 3480 qi]
112 3336 224 3477 iiiii
228 3334 305 3402 eeu·
298 3333 460 3476 iti’fdv
472 3405 497 3474 β
587 3398 736 3470 τμημάτων

50 3479 135 3534 ’ἔστα
116 3480 182 3549 aas
200 3481 266 3547 (11011
285 3479 320 3547 a)

442 3337 460 3402 )
523 3336 564 3385 re
584 3325 724 3383 eroon
737 3329 768 3471 p
824 3325 866 3398 rs]
887 3343 939 3380 om.
955 3328 980 3398 p.
1035 3331 1077 3383 24.

767 3407 859 3469 τμῆμα
878 3398 909 3452 τό
928 3400 952 3469 β.
1035 3403 1077 3453 26.

849 3545 917 3612 rr*
