2400 3840
141 187 208 251 220
554 185 744 236 ΑΡΡωωοιΧ.

143 332 206 397 ἀπὸ
230 329 484 415 συναμφοτέρου
508 338 566 414 τῆς
589 332 690 393 ΒΑΓ
711 337 771 392 τοῦ
795 328 859 392 ἀπὸ
882 336 941 412 τῆς
963 331 1042 410 ΒΓ,
1076 330 1154 392 έστω

143 438 179 502 τὸ
199 443 233 501 A
255 439 392 522 χωρίον·
416 440 513 518 λόγος
532 438 596 521 όίρα
615 445 675 500 τοῦ
694 441 727 499 A
751 437 875 520 χωρίου
899 436 983 520 πρὸς
1002 435 1040 498 τὸ
1058 436 1160 498 ΑΒΓ

142 546 307 628 τρίγωνον
326 544 449 619 δοθείς.
477 549 537 606 τοῦ
557 538 593 606 δὲ
612 541 717 606 ΑΒΓ
734 543 818 627 πρὸς
835 542 873 606 τὸ
892 541 957 605 ὑπὸ
976 552 1045 606 τῶν
1064 543 1161 605 ΒΑΓ

142 652 240 731 λόγος
263 647 332 714 ἐστὶ
355 647 470 724 δοθεὶς
493 648 549 712 διὰ
573 649 609 712 τὸ
634 649 795 712 δοθεῖσαν
818 642 904 712 εἶναι
923 649 985 731 τὴν
1003 646 1071 711 ὑπὸ
1092 658 1156 711 τῶν

108 760 245 821 σΒΑΓ
267 759 406 838 γωνίαν·
438 753 494 820 καὶ
521 764 581 819 τοῦ
609 760 643 818 A
670 757 734 840 ἄρα
761 757 886 840 χωρίου
913 755 997 840 πρὸς
1024 755 1063 818 τὸ
1095 754 1157 818 ὑπὸ

142 873 209 926 τῶν
233 865 334 925 ΒΑΓ
356 864 455 944 λόγος
482 858 552 925 ἐστὶ
580 861 707 936 δοθείς·
739 869 799 924 τοῦ
823 857 860 924 δέ
882 859 948 924 ὑπὸ
971 871 1040 924 τῶν
1063 863 1163 925 ΒΑΓ

142 970 225 1051 πρὸς
252 969 288 1031 τὸ
317 966 380 1031 ἀπὸ
406 977 464 1051 τῆς
487 970 555 1031 ΒΓ
576 969 674 1049 λόγος
702 964 771 1031 ἐστὶ
798 968 926 1042 δοθείς·
958 964 1014 1030 καὶ
1042 974 1105 1030 τοῦ
1127 971 1159 1030 A

143 1077 207 1159 όίρα
229 1075 312 1158 πρὸς
334 1075 371 1137 τὸ
396 1072 459 1137 ἀπὸ
478 1082 537 1156 τῆς
554 1076 623 1137 ΒΓ
640 1075 738 1154 λόγος
761 1071 829 1137 ἐστὶ
852 1074 980 1149 δοθείς·
1003 1070 1060 1136 καὶ
1081 1090 1159 1137 συν-

142 1177 239 1244 θέντι
262 1181 360 1261 λόγος
382 1181 447 1263 ἄρα
469 1188 529 1243 τοῦ
548 1185 581 1243 A
603 1183 728 1265 χωρίου
751 1180 832 1264 μετὰ
854 1188 914 1244 τοῦ
933 1179 997 1244 ἀπὸ
1017 1188 1077 1262 τῆς
1097 1181 1162 1243 ΒΓ

91 1300 125 1349 10
142 1287 226 1369 πρὸς
248 1285 285 1348 τὸ
309 1283 374 1347 ἀπὸ
397 1293 455 1367 τῆς
473 1286 541 1347 ΒΓ
560 1282 630 1349 ε’στι
653 1285 776 1362 δοθείς.
814 1284 897 1350 ἀλλὰ
920 1286 958 1350 τὸ
976 1291 1010 1349 A
1033 1289 1159 1370 χωρίον

58 1444 60 1449 .
143 1392 223 1475 μετὰ
245 1399 305 1455 τοῦ
330 1389 392 1454 ίατὸ
411 1399 469 1473 τῆς
483 1393 551 1454 ΒΓ
568 1391 606 1455 τὸ
630 1380 694 1455 ἀπὸ
715 1389 971 1478 συναμφοτέρου
990 1400 1050 1475 τῆς
1063 1394 1165 1456 ΒΑΓ

144 1496 247 1562 ἐστιν·
279 1501 378 1580 λόγος
409 1499 472 1582 όίρα
505 1504 565 1561 τοῦ
602 1496 665 1561 ἀπὸ
694 1495 949 1584 συναμφοτέρου
977 1507 1036 1581 τῆς
1063 1502 1166 1564 ΒΑΓ

143 1606 227 1689 πρὸς
249 1605 286 1668 τὸ
311 1603 374 1668 ἀπὸ
397 1613 455 1687 τῆς
477 1607 547 1668 ΒΓ
564 1604 692 1679 δοθείς·
718 1601 880 1668 ὥστεκαὶ
903 1604 1160 1692 συναμφοτέρου

144 1720 202 1795 τῆς
215 1713 316 1775 ΒΑΓ
329 1711 413 1795 πρὸς
430 1711 491 1793 τὴν
505 1713 574 1773 ΒΓ
587 1712 685 1791 λόγος
703 1707 773 1775 ἐστὶ
792 1711 915 1787 δοθείς.
949 1714 1008 1774 καί
1020 1710 1091 1777 ἐστι
1106 1713 1161 1776 δο-

92 1830 125 1880 16
144 1824 243 1882 θεῖσα
266 1817 287 1900 ἡ
309 1816 375 1880 ὑπὸ
398 1827 465 1881 τῶν
488 1819 589 1880 ΒΑΓ
607 1818 725 1899 γωνία·
753 1814 887 1880 δέδοται
910 1819 974 1902 δίρα
997 1819 1036 1882 τὸ
1059 1821 1166 1883 ΑΒΓ

145 1927 309 2009 τρίγωνον
332 1932 378 2010 τῷ
402 1923 490 1986 είδει.

627 2082 677 2147 18.

432 2187 542 2274 Uulgo
566 2210 656 2274 prop.
680 2187 875 2253 LXXXVII.

211 2311 287 2376 Ἐὰν
305 2313 368 2377 δύο
386 2312 515 2377 εὐθεῖαι
536 2308 639 2377 δοθὲν
658 2314 781 2397 χωρίον
798 2310 995 2398 τεριέχωσιν
1015 2313 1052 2378 έν
1067 2315 1162 2379 δεδο-

92 2430 126 2479 20
144 2416 226 2502 μένῃ
259 2420 378 2503 γωνίᾳ,
410 2417 447 2480 τὸ
480 2414 517 2481 δέ
550 2416 613 2482 ἀπὸ
645 2426 704 2501 τῆς
735 2420 883 2501 μείζονος
914 2427 974 2482 τοῦ
1007 2418 1073 2485 ἀπὸ
1103 2430 1163 2504 τῆς

146 2523 324 2598 ἐλάσσονος
347 2520 482 2587 δοθέντι
505 2526 615 2606 μεῖζον
637 2517 673 2610 ᾖ,
696 2522 751 2588 καὶ
775 2521 911 2610 ἑκατέρα
934 2525 1046 2590 αὐτῶν
1069 2529 1163 2591 ἔσται

119 2629 293 2693 ’δοθεῖσα

212 2736 274 2799 δύο
302 2735 365 2821 γδιρ
394 2735 523 2800 εὐθεῖαι
549 2737 586 2800 αί
606 2741 682 2820 ΑΒ,
700 2740 768 2800 ΒΓ
791 2733 895 2802 δοθὲν
917 2737 1161 2824 περιεχέτωσαν

145 2845 269 2928 χωρίον
292 2843 329 2907 τὸ
348 2845 419 2906 ΑΓ
437 2842 473 2907 ἐν
497 2841 658 2928 δεδομένῃ
682 2846 788 2931 γωνίᾳ
810 2854 850 2929 τῇ
872 2844 938 2909 ὑπὸ
962 2855 1030 2910 τῶν
1049 2849 1161 2928 ΑΒΓ,

92 2961 126 3011 25
145 2951 182 3014 τὸ
207 2946 244 3014 δὲ
267 2948 331 3014 ἀπὸ
354 2958 412 3033 τῆς
434 2953 499 3013 ΑΒ
528 2947 664 3014 δοθέντι
691 2953 801 3034 μεῖζον
825 2954 907 3016 ἔστω
930 2959 991 3015 τοῦ
1014 2950 1080 3016 ἀπὸ
1103 2961 1162 3035 τῆς

146 3060 226 3121 ΒΓ·
255 3055 353 3139 λέγω,
378 3057 428 3122 ότι
456 3056 596 3121 δοθεῖσα
620 3056 710 3122 ἐστιν
738 3054 873 3143 ἑκατέρα
896 3067 964 3123 τῶν
986 3061 1070 3141 ΑΒ,
1088 3060 1161 3121 ΒΓ.

217 3188 297 3242 Hanc
314 3186 536 3256 propositionem
554 3203 617 3240 oum
637 3187 766 3256 sequenti
784 3188 916 3243 lemmate
935 3188 973 3242 ad
991 3188 1077 3242 finem
1094 3186 1162 3242 libri

145 3261 212 3327 post
235 3257 372 3313 scholium
393 3277 434 3312 nr.
455 3263 506 3312 175
528 3258 637 3313 habent
658 3259 751 3314 Pvat.
772 3260 882 3329 (Vat.1);
910 3258 941 3312 in
963 3258 1029 3314 Vat.
1049 3276 1162 3329 propos.

146 3329 249 3383 iterum
267 3329 371 3399 legitur
389 3330 427 3384 ad
444 3346 523 3398 prop.
542 3330 592 3388 με’
612 3348 668 3400 mg.
687 3349 723 3385 m.
744 3347 797 3385 reo.
817 3331 931 3402 (Vot.‚);
950 3346 1003 3385 om.
1024 3331 1075 3385 vb.

221 3469 244 3516 1.
270 3463 348 3536 έστω]
368 3481 421 3517 om.
440 3463 467 3517 b.
541 3470 565 3517 2.
590 3463 710 3536 τό(ρτ.)]
730 3482 783 3519 om.
802 3464 876 3534 vat„
896 3465 960 3518 add.
980 3481 1016 3518 m.
1037 3469 1064 3520 2.
1137 3469 1161 3518 3.

63 3610 66 3615 Ι
146 3534 213 3604 τῶν]
232 3542 281 3603 τῆς
298 3535 324 3588 b.
398 3540 422 3589 4.
443 3532 541 3596 δοθείς
560 3535 616 3589 ἐστι
634 3535 662 3591 b.
745 3542 768 3591 7.
788 3537 861 3589 Ante
880 3535 950 3604 πρός
968 3534 1034 3589 hab.
1054 3533 1163 3606 γωνίαν
