2400 3840
176 813 320 893 Πρῶτον
347 808 401 872 δεῖ
429 804 568 889 θέσθαι,
595 808 630 870 τί
652 806 689 869 τὸ
713 802 907 889 δεδομένον·
940 807 1068 888 ἔπειτα,
1098 807 1133 868 τί

109 915 146 978 τὸ
169 916 331 999 χρήσιμον
353 923 411 996 τῆς
434 911 509 997 περὶ
528 913 649 976 τούτου
668 914 901 996 πραγματείας,
925 912 1044 974 εἰπεῖν·
1072 909 1130 975 καὶ

109 1023 233 1104 τρίτον,
256 1019 321 1082 ὑπὸ
345 1021 420 1082 τίνα
443 1017 625 1101 ἐπιστήμην
649 1016 814 1097 ἀνάγεται.

172 1121 353 1207 Ὁρίζονται
376 1123 417 1205 δή
445 1124 482 1185 τὸ
512 1120 693 1205 δεδομένον
720 1127 907 1206 πολλαχῶς,
939 1120 994 1186 καὶ
1019 1124 1130 1200 άλλως

74 1225 170 1313 ὁμέν
203 1229 238 1292 οί
267 1230 492 1312 παλαιότεροι,
525 1228 632 1302 άλλως
660 1224 696 1291 δὲ
724 1227 759 1291 οἱ
784 1229 951 1313 νεώτεροι·
990 1229 1043 1293 διὸ
1073 1228 1131 1293 καὶ

110 1331 233 1416 συνέβη
256 1335 401 1417 χαλεπήν
422 1328 507 1398 εἶναι
526 1334 587 1416 τήν
606 1332 716 1416 ἀληθῆ
735 1331 933 1418 περὶαύτοῦ
953 1333 1131 1414 ἀπόδοσιν,

108 1438 164 1504 καί
188 1444 271 1505 ἔνιοι
294 1437 354 1524 μὲν
377 1438 456 1505 οὐδὲ
479 1439 618 1525 δρισμόν
642 1463 717 1503 τινα
740 1440 844 1504 αὑτοῦ
864 1439 1129 1526 ἀποδεδώκασιν,

112 1548 199 1611 ίδιον
236 1544 276 1610 δέ
305 1571 336 1610 τι
372 1555 433 1610 τοῦ
474 1545 654 1630 δεδομένου
688 1545 853 1630 εὑρίσκειν
886 1545 1129 1631 ἐπειράθησαν·

112 1651 217 1737 ἕτεροι
240 1649 277 1716 δέ
301 1650 541 1737 συμπλέξαντες
563 1653 626 1734 ήδη
646 1652 687 1715 τδι
705 1650 783 1736 παρ’
801 1652 937 1717 ἐκείνων
955 1652 1130 1737 ὁρίζεσθαι

58 1769 92 1817 10
111 1759 191 1823 αὐτὸ
220 1759 433 1842 ἐπεχείρησαν
460 1755 515 1821 καί
544 1754 622 1821 οὐδὲ
650 1753 742 1822 οὑτοι
770 1758 959 1842 συμφώνως
987 1755 1130 1836 ἑαυτοῖς.

112 1864 236 1928 ἐοίκασι
264 1860 300 1928 δέ
323 1864 442 1939 πάντες
471 1863 506 1928 ἐκ
529 1873 605 1948 μιᾶς
632 1861 688 1927 καὶ
711 1872 769 1946 τής
792 1864 893 1946 αὑτῆς
917 1863 1049 1941 ἐννοίας
1070 1865 1129 1930 καὶ

111 1971 307 2053 ὑπολήψεως
334 1969 536 2056 ὁρμηθέντες
566 1968 674 2051 λέγὲιν
700 1993 732 2033 τι
763 1967 839 2055 περὶ
872 1970 989 2035 αὑτοῦ·
1027 1995 1128 2036 κατα-

114 2078 238 2158 ληπτὸν
261 2076 323 2159 γάρ
347 2100 379 2140 τι
402 2078 439 2141 τὸ
464 2074 644 2160 δεδομένον
667 2070 753 2140 εἶναι
771 2073 947 2158 ὑπέλαβον.
985 2077 1039 2140 διὸ
1058 2088 1129 2142 τών

112 2180 337 2266 ἁπλούστερον
354 2180 410 2246 καὶ
428 2192 488 2269 μιᾷ
501 2205 568 2246 τινι
582 2182 729 2267 διαφορᾷ
746 2181 965 2265 περιγράφειν
979 2183 1016 2245 τὸ
1032 2183 1128 2247 δεδο-

59 2298 93 2346 15
112 2285 212 2370 μένον
234 2285 453 2371 προθεμένων
476 2289 511 2351 οί
531 2284 591 2371 μὲν
610 2285 818 2370 τεταγμένον,
842 2287 886 2362 ὡς
906 2285 1129 2366 Ἀπολλώνιος

112 2390 148 2454 έν
175 2400 220 2477 τῷ
248 2388 324 2472 περὶ
346 2394 492 2456 νεύσεων
519 2390 574 2456 καὶ
603 2391 639 2455 έν
666 2402 705 2476 τή
733 2395 882 2457 καθόλου
909 2397 1129 2482 πραγματείᾳ,

113 2498 148 2560 οί
168 2493 205 2560 δὲ
228 2498 408 2583 γνώριμον,
432 2498 478 2573 ώς
501 2498 689 2582 Διόδωρος·
714 2497 800 2563 οὑτω
824 2499 887 2583 γὰρ
911 2499 970 2574 τάς
993 2498 1130 2578 ἀκτῖνας

111 2600 168 2666 καὶ
190 2603 248 2679 τδις
271 2606 395 2685 γωνίας
418 2605 579 2669 δεδόσθαι
604 2601 690 2684 λέγει
713 2602 769 2667 καὶ
791 2613 859 2668 πᾶν
877 2605 914 2668 τὸ
934 2605 982 2679 είς
1000 2609 1130 2687 γνῶσίν

112 2732 187 2773 τινα
211 2708 323 2793 ἐλθόν,
345 2696 402 2774 καί
424 2712 456 2774 εί
477 2711 520 2794 μή
544 2709 646 2794 ῥητὸν
668 2714 728 2790 είη.
765 2711 849 2773 ένιοι
868 2704 905 2772 δὲ
924 2710 1027 2795 ῥητὸν
1045 2712 1128 2777 αὐτὸ

59 2830 95 2878 20
114 2809 199 2879 εἶναι
227 2814 454 2900 ἀπεφήναντο,
484 2816 593 2899 ώσπερ
622 2815 715 2878 δοκεῖ
735 2813 753 2879 δ
777 2819 999 2900 Πτολεμαῖος,
1032 2818 1128 2882 δεδο-

112 2919 194 3003 μένα
218 2920 326 2985 έκεῐνα
348 2921 617 3006 προσαγορεύων,
641 2915 689 2983 ὧν
711 2921 748 2984 τὸ
772 2918 893 3005 μέτρον
916 2920 985 2986 ἐστὶ
1005 2924 1128 3005 γνώρι-

183 3113 333 3182 ὑπόμνημα
358 3112 397 3174 εἰς
414 3131 450 3165 τα
473 3109 611 3180 δεδομένα
624 3108 794 3174 ,ευκλείδους
812 3112 869 3166 ἀπο
889 3119 985 3181 φωνῆς
1005 3111 1128 3180 μαρίνου

113 3184 268 3254 φιλοσόφου
286 3183 448 3249 m.1Vat.;
467 3179 630 3250 προθεωρία
648 3190 704 3236 τῶν
723 3179 867 3237 εόκλείδου
887 3180 1049 3250 δεδομένων
1068 3184 1126 3238 ἀπὸ

113 3264 209 3324 φωνῆς
236 3251 355 3322 μαρίνου
385 3252 541 3321 φιλοσόφον
568 3270 623 3321 mg.
648 3270 683 3306 m.
709 3258 724 3304 2
753 3255 912 3307 atramento
936 3253 1022 3308 rubro
1046 3255 1126 3322 νεώ,

68 3392 85 3397 „.
112 3329 303 3393 κρολεγομενα
321 3333 377 3378 τῶν
392 3325 551 3392 δεδομενων
566 3324 709 3378 ευκλειδου
726 3340 783 3377 απο
799 3344 895 3393 φωνης
909 3321 1031 3393 μαρίνου
1047 3328 1127 3395 φιλο-

114 3395 203 3463 σόφου
226 3413 251 3449 V.
345 3399 368 3447 7.
397 3393 446 3448 καὶ
470 3392 539 3448 ἔνιοι
559 3391 609 3461 μὲν
629 3390 707 3463 οὐδέ]
732 3392 802 3448 ἔνιοι
821 3392 872 3462 μὲν
890 3394 943 3464 γὰρ
971 3393 1034 3449 οὐδ’
1061 3396 1126 3450 vat.
