2400 3840
369 175 551 227 Arrrrmx
571 174 813 227 scflomorrnrr.
1029 172 1095 238 325

79 328 140 403 τῆς
162 320 244 404 πρὸς
267 322 364 412 τρῖᾼ
386 320 489 402 μόνης
512 318 688 383 διπλάσιόν
711 316 808 383 ἐστιν.
846 324 913 383 ἴσαι
937 315 973 383 δὲ
997 317 1095 403 άλλη-

81 432 156 502 λαις
178 423 242 490 εἰσὶ
265 423 413 489 κάκεῖναι
440 423 555 489 διὰτὸ
580 431 656 508 ῖσην
679 419 764 488 εἶναι
791 425 851 508 τὴν
874 429 939 489 ΑΛ
966 436 1006 510 τῇ
1030 429 1101 490 ΑΓ

81 530 137 597 καὶ
162 527 326 607 ἰσοσκελές
348 531 551 596 καθεστάναι
574 532 610 596 τὸ
634 535 807 616 τρίγωνον.

319 744 371 810 Ad
392 766 483 830 prop.
507 743 583 809 LIV
606 745 780 809 demonstr.
806 744 860 808 alt.

155 881 204 943 11.
227 876 403 944 Ἐκκείσθω
419 881 558 944 δοθεῖσα
572 881 688 962 p.202‚
704 878 759 962 12]
778 888 824 967 τῷ
843 877 989 963 μεγέθει·
1009 878 1095 943 οὕτω
1134 891 1149 939 5

83 986 147 1071 γάρ
172 983 223 1048 ἀεὶ
246 984 406 1068 λαμβάνει
429 985 590 1070 άοριστῶς
613 984 727 1068 λέγων.

154 1111 204 1173 12.
222 1107 338 1173 Ἔστιν
357 1109 421 1194 άρα
441 1108 485 1185 ὡς
503 1110 540 1173 τὸ
555 1114 587 1173 Α
605 1111 689 1194 πρὸς
707 1111 743 1174 τὸ
763 1113 792 1173 Β
810 1133 841 1194 p.
856 1111 930 1194 202,
945 1107 1001 1197 21]
1022 1109 1097 1194 ἐμά-

83 1223 192 1300 θομεν
215 1214 292 1299 γάρ,
319 1214 380 1297 ὅτι,
404 1213 462 1278 έδν
484 1213 639 1300 τέσσαρες
662 1215 791 1280 εὐθεῖαι
815 1215 981 1298 άνάλογον
1005 1212 1098 1301 ὦσιν,

84 1322 140 1388 καὶ
168 1323 207 1386 τὰ
235 1321 290 1387 ἀπ’
317 1322 428 1387 αὐτῶν
455 1321 675 1408 εὐθύγραμμα
704 1322 801 1407 ὅμοιά
828 1346 862 1387 τε
894 1321 949 1387 καὶ
977 1323 1099 1408 ὁμοίως

85 1427 358 1514 ἀναγεγραμμένα
383 1426 548 1509 άνάλογον
572 1431 671 1492 ἔσται.
1118 1442 1151 1491 10

156 1556 205 1618 13.
243 1551 311 1617 Καὶ
338 1552 375 1615 αλ
400 1548 513 1615 λοιπαὶ
541 1552 605 1636 άρα
632 1556 775 1637 πλευραί
803 1575 833 1636 p.
859 1554 938 1638 204,
961 1553 996 1637 8]
1030 1552 1099 1618 εἰιεὶ

85 1664 184 1743 λόγος
206 1667 264 1742 τῆς
284 1660 344 1721 ΓΛ
367 1658 450 1742 πρὸς
473 1658 534 1741 τὴν
553 1661 617 1721 ΕΖ
640 1658 764 1741 δοθείς,
788 1661 856 1723 ἔστι
880 1655 916 1723 δὲ
935 1658 1046 1724 καὶτὸ
1067 1665 1099 1724 Α

87 1769 205 1852 ὅμοιον
233 1775 279 1854 τῷ
305 1769 348 1848 Β,
371 1775 450 1846 τῶν
477 1761 514 1828 δδ
542 1764 667 1849 ὁμοίων
695 1764 871 1850 σχημάτων
898 1767 935 1829 αῖ
958 1765 1100 1852 πλευραὶ

85 1874 252 1955 ἀνάλογόν
271 1875 367 1954 εἰσιν,
385 1873 468 1957 πρὸς
487 1871 525 1947 ἃς
543 1867 641 1937 αὗται
656 1871 822 1954 άνάλογόν
836 1873 932 1955 εἰσιν,
951 1871 1099 1938 κάκεῖναι

87 1978 263 2064 δεδομέναι
287 1981 428 2044 ἔσονται.
1117 1993 1151 2041 15

330 2189 382 2255 Ad
405 2212 496 2275 prop.
520 2190 579 2254 LV
602 2192 777 2256 demonstr.
802 2192 856 2256 alt.

157 2328 205 2390 14.
228 2323 373 2389 Λέδοται
392 2326 456 2410 άρα
475 2333 520 2412 τῷ
539 2325 619 2389 εῖδει
637 2327 756 2409 p..‘204‚
773 2325 828 2409 19]
849 2324 1015 2410 ἐμάθομεν
1034 2327 1097 2413 γάρ

87 2432 123 2497 έν
147 2445 216 2509 τοῖς
240 2432 345 2518 ὅροις,
374 2432 425 2497 ὅτι
453 2431 674 2517 εὐθύγραμμα
698 2434 845 2516 σχήματα
872 2441 918 2520 τῷ
942 2434 1023 2497 εῖδει
1046 2435 1098 2499 δε-

86 2541 211 2604 δόσθαι
234 2538 372 2623 λέγεται,
397 2533 444 2602 ὧν
468 2539 505 2602 αἵ
525 2562 559 2603 τε
582 2543 701 2621 γωνίαι
724 2537 898 2624 δεδομέναι
921 2543 989 2606 ελσί
1007 2547 1075 2607 κτλ.

157 2664 206 2729 15.
238 2664 307 2728 Λιδι
330 2664 370 2727 τδι
393 2663 477 2728 αὐτὰ
501 2664 543 2745 δή
565 2688 594 2748 p.
615 2665 690 2749 204,
709 2665 765 2745 24]
791 2665 834 2741 ὡς
858 2663 957 2753 ἐντῷ
977 2670 1098 2754 σχολίῳ
1118 2686 1152 2735 20

86 2779 147 2836 τοῦ
170 2769 236 2854 νβ’·
270 2770 333 2835 άιιὸ
362 2771 425 2855 γὰρ
455 2767 590 2852 ἑκάστης
618 2769 868 2856 ἀναγράφοντες
890 2772 1099 2857 τετράγωνον

87 2877 209 2962 δμοίως
232 2874 390 2961 δείξομεν.

85 3041 241 3048 ...-——.-.—...
256 3040 299 3045 ..-

87 3139 447 3266 P111.PVab.Ambr.S.
521 3144 562 3192 12.
582 3139 611 3193 P.
687 3144 726 3192 13.
748 3157 769 3192 z.
844 3143 885 3193 14.
904 3139 993 3194 Plvr.
1055 3147 1097 3198 15.

131 3230 178 3267 το.

87 3361 183 3370 .----
189 3359 300 3366 ---....

160 3467 184 3517 ὅ.
204 3462 278 3514 Ante
296 3465 333 3532 τῷ
351 3459 416 3513 hab.
437 3462 555 3514 δοθεῖσα
574 3459 669 3514 Ambr.
743 3457 857 3529 μεγέθει
875 3461 984 3530 δηλαδή
1002 3461 1096 3517 Ambr.
1130 3522 1132 3525 .

124 3539 166 3589 14.
187 3533 257 3587 εἰσιν
271 3531 345 3602 (pr.)]
365 3530 471 3600 scripsi,
491 3529 523 3586 δέ
542 3549 563 3586 z.
638 3537 680 3586 19,
700 3530 731 3584 οιῖ
750 3529 901 3600 δεδομέναι
918 3533 948 3587 Ρ.
