2400 3840
97 176 165 230 VIH
499 175 709 228 PRAEFATIO.

95 322 195 386 nimis
220 323 313 385 caute
336 319 388 383 uel
411 317 563 404 religiose
588 322 737 382 uersatus
761 340 831 382 esse
855 317 974 400 uidear,
999 316 1110 381 memi-

96 427 183 492 nerit
206 425 315 511 uelim,
338 424 373 488 in
395 425 456 489 hac
480 424 621 490 editione
641 425 827 489 adornanda
849 424 882 488 id
901 446 951 488 me
970 423 1109 488 maxime

98 537 277 618 spectasse,
308 536 346 597 ut
373 531 520 596 Euclidis
548 531 648 595 uerba
680 531 720 596 ad
748 530 1051 615 antiquissimorum
1080 531 1111 594 et

100 641 298 725 optimorum
326 638 474 704 codicum
501 639 598 702 fidem
625 638 796 724 exigerem.
845 642 988 703 ceterum
1017 658 1109 720 spero

98 748 167 812 fore
184 751 221 812 ut
234 746 382 811 homines
397 745 597 810 sollertiores
616 748 650 810 et
662 745 898 830 ingeniosiores
911 744 978 809 iam
994 744 1109 808 idonea

100 855 247 920 codicum
275 852 474 938 supellectile
500 851 654 917 instructi
682 874 755 917 cum
786 852 827 917 iis
855 852 950 936 loeis,
983 851 1040 934 qui
1068 872 1109 913 ne

99 960 180 1025 mihi
204 960 334 1044 quidem
357 957 437 1022 satis
462 959 533 1023 sani
556 980 626 1023 esse
649 957 713 1022 uisi
737 959 817 1039 sint,
843 957 1034 1023 medicinam
1058 957 1111 1021 ad-

98 1067 215 1149 ferant,
238 1069 309 1128 tum
329 1064 438 1129 ulcera
457 1063 560 1129 adhue
578 1065 715 1130 latentia
734 1064 974 1149 deprehendant
992 1070 1023 1129 et
1040 1085 1111 1148 per-

103 1176 226 1237 sanent.

166 1279 204 1342 In
229 1278 420 1361 adparatum
444 1277 594 1342 criticum
613 1277 760 1343 codicum
778 1274 993 1364 PVataan)
1013 1277 1112 1362 serip-

99 1388 208 1449 turam
235 1384 364 1467 plenam
392 1384 554 1469 congessi,
586 1383 621 1447 in
648 1384 689 1449 iis
717 1389 826 1450 autem
855 1385 1001 1468 partibus
1024 1382 1112 1467 libri,

100 1490 157 1554 ubi
184 1490 206 1553 b
235 1489 355 1574 deficit,
388 1490 583 1575 scripturam
612 1491 679 1555 eod.
705 1514 724 1554 a
753 1490 874 1576 addidi,
907 1515 1013 1576 quem,
1046 1490 1112 1554 nisi

103 1596 180 1680 quid
204 1600 317 1660 eontra
339 1596 530 1661 adnotatum
549 1601 607 1682 est,
631 1597 766 1683 colligas
786 1598 885 1662 uelim
904 1620 976 1663 eum
994 1600 1015 1681 β
1039 1619 1113 1662 eon-

101 1701 238 1787 spirare3
270 1702 521 1786 discrepantiam
554 1704 662 1768 coda
689 1704 859 1789 perpaucis
887 1703 967 1770 locis
994 1704 1030 1768 in
1061 1705 1114 1767 ad-

102 1813 254 1892 paratum
286 1810 401 1895 recepi.
455 1811 577 1897 figuras
610 1811 731 1896 apertis
764 1810 927 1876 erroribus
960 1811 1112 1876 correctis

101 1916 184 1981 tales
210 1915 290 1998 dedi,
314 1916 426 2000 quales
449 1917 484 1980 in
507 1917 672 1982 codicibus
695 1917 874 2000 descriptae
899 1920 982 1981 sunt.

168 2019 476 2106 Interpretationem
497 2021 650 2087 Latinam
673 2024 714 2088 ad
736 2025 838 2088 uerba
861 2021 993 2107 Graeca,
1016 2043 1115 2105 quan-

102 2132 175 2193 tum
192 2128 264 2192 fieri
282 2133 402 2211 posset,
422 2129 729 2194 adcommodandam
748 2151 818 2194 esse
831 2130 955 2214 putaui.
986 2129 1115 2193 numeri

103 2234 221 2317 quibus
245 2233 331 2298 ‘defi’
355 2234 407 2299 uel
430 2233 544 2319 ‘prop'
567 2234 789 2318 praepositum
813 2239 871 2320 est,
896 2236 936 2300 ad
954 2234 1115 2300 Datorum

103 2339 307 2404 definitiones
336 2342 370 2402 et
396 2338 650 2425 propositiones,
678 2341 777 2404 ceteri
805 2341 846 2406 ad
868 2341 1115 2406 Elementorum

102 2446 205 2510 libros
229 2450 262 2509 et
284 2445 524 2530 propositiones
547 2444 707 2510 referendi
731 2452 815 2512 sunt.

170 2551 289 2616 Marini
313 2552 556 2636 commentario,
580 2574 676 2636 quem
697 2553 924 2639 dignissimum
948 2576 1017 2618 esse
1042 2576 1117 2618 oon-

106 2663 188 2743 stat,
230 2658 286 2742 qui
327 2645 474 2722 Euelidis
514 2657 599 2722 libro
637 2659 844 2745 adiungatur,
886 2659 1037 2746 contigit,
1078 2665 1117 2725 nt

103 2766 174 2850 ipse
198 2765 328 2848 quidem
352 2786 390 2828 ex
412 2767 505 2848 parte
526 2762 646 2830 Graece
669 2766 760 2850 prius
780 2765 816 2830 in
833 2766 938 2831 lucem
957 2768 1117 2851 proferre-

104 2877 171 2956 tur,
199 2893 297 2954 quam
323 2870 410 2934 Data
440 2870 618 2935 ederentur.
672 2872 792 2937 etenim
819 2895 839 2936 a
867 2870 1017 2957 Grynaeo
1041 2874 1116 2938 Ele-

106 2983 290 3043 mentorum
328 2976 463 3042 editioni
499 2975 671 3042 Basiliensi
711 3001 737 3043 a.
769 2978 853 3045 1533
890 2979 1017 3044 additus
1056 2984 1116 3045 est.

105 3089 220 3170 postea
238 3083 351 3166 Hardy
375 3087 407 3148 et
426 3081 602 3168 Gregorius
627 3107 701 3149 eum
724 3084 921 3152 editionibus
940 3085 1007 3150 suis
1026 3110 1117 3171 prae-

105 3195 292 3275 posuerunt.
329 3189 477 3274 equidem
495 3193 622 3255 textum
640 3193 681 3255 ad
698 3191 795 3256 fidem
818 3192 965 3257 codicum
983 3192 1117 3259 PVat.v

106 3298 270 3361 constitui.

176 3403 318 3488 Scholia,
351 3425 489 3487 quorum
518 3402 692 3468 maximam
719 3409 846 3488 partem
874 3428 891 3469 e
920 3407 986 3470 cod.
1015 3407 1117 3473 Paris.

65 3507 163 3608 *Gn
186 3512 273 3577 2348
302 3510 499 3594 descriptam
528 3509 609 3575 mihi
637 3511 859 3595 suppeditauit
886 3512 1045 3599 Heiberg,
1078 3538 1118 3579 ex
