<?xml version="1.0" encoding="UTF-8"?>
<!DOCTYPE html PUBLIC "-//W3C//DTD XHTML 1.0 Transitional//EN"
    "http://www.w3.org/TR/xhtml1/DTD/xhtml1-transitional.dtd">
<html xmlns="http://www.w3.org/1999/xhtml" xml:lang="en" lang="en">
 <head>
  <title>
</title>
<meta http-equiv="Content-Type" content="text/html;charset=utf-8" />
  <meta name='ocr-system' content='tesseract 3.04.00' />
  <meta name='ocr-capabilities' content='ocr_page ocr_carea ocr_par ocr_line ocrx_word'/>
</head>
<body>
  <div class='ocr_page' id='page_1' title='image "./euclidisoperaom05unkngoog_0352.png"; bbox 0 0 2400 3840; ppageno 0'>
   <div class='ocr_carea' id='block_1_1' title="bbox 540 189 704 240">
    <p class='ocr_par' dir='ltr' id='par_1_1' title="bbox 540 189 704 240">
     <span class='ocr_line' id='line_1_1' title="bbox 540 189 704 240; baseline 0 0"><span class='ocrx_word' id='word_1_1' title='bbox 540 189 704 240; x_wconf 75' lang='lat' dir='ltr'>scflom.</span> 
     </span>
    </p>
   </div>
   <div class='ocr_carea' id='block_1_2' title="bbox 496 401 756 487">
    <p class='ocr_par' dir='ltr' id='par_1_2' title="bbox 496 401 756 487">
     <span class='ocr_line' id='line_1_2' title="bbox 496 401 756 487; baseline 0 -21"><span class='ocrx_word' id='word_1_2' title='bbox 496 401 549 466; x_wconf 86' lang='lat' dir='ltr'><strong><em>Ad</em></strong></span> <span class='ocrx_word' id='word_1_3' title='bbox 570 424 662 487; x_wconf 87' lang='lat' dir='ltr'><strong>prop.</strong></span> <span class='ocrx_word' id='word_1_4' title='bbox 685 401 756 466; x_wconf 89' lang='lat' dir='ltr'><strong><em>XX.</em></strong></span> 
     </span>
    </p>
   </div>
   <div class='ocr_carea' id='block_1_3' title="bbox 186 543 675 629">
    <p class='ocr_par' dir='ltr' id='par_1_3' title="bbox 186 543 675 629">
     <span class='ocr_line' id='line_1_3' title="bbox 186 543 675 629; baseline 0 -21"><span class='ocrx_word' id='word_1_5' title='bbox 186 546 235 610; x_wconf 88' lang='grc'><strong><em>70.</em></strong></span> <span class='ocrx_word' id='word_1_6' title='bbox 263 543 516 629; x_wconf 81' lang='grc' dir='ltr'><strong><em>Ἀντιστρόφιον</em></strong></span> <span class='ocrx_word' id='word_1_7' title='bbox 538 553 598 608; x_wconf 88' lang='grc' dir='ltr'><strong><em>τοῦ</em></strong></span> <span class='ocrx_word' id='word_1_8' title='bbox 623 543 675 609; x_wconf 85' lang='grc' dir='ltr'><strong><em>ιε’.</em></strong></span> 
     </span>
    </p>
   </div>
   <div class='ocr_carea' id='block_1_4' title="bbox 83 665 1135 1283">
    <p class='ocr_par' dir='ltr' id='par_1_4' title="bbox 83 665 1135 1283">
     <span class='ocr_line' id='line_1_4' title="bbox 184 665 1132 754; baseline -0.003 -20"><span class='ocrx_word' id='word_1_9' title='bbox 184 671 234 734; x_wconf 93' lang='grc'><strong><em>71.</em></strong></span> <span class='ocrx_word' id='word_1_10' title='bbox 263 668 330 733; x_wconf 83' lang='grc' dir='ltr'><strong><em>Καὶ</em></strong></span> <span class='ocrx_word' id='word_1_11' title='bbox 353 668 425 733; x_wconf 79' lang='grc' dir='ltr'><strong><em>ἐπεί</em></strong></span> <span class='ocrx_word' id='word_1_12' title='bbox 446 668 537 733; x_wconf 82' lang='grc' dir='ltr'><strong><em>ἐστιν</em></strong></span> <span class='ocrx_word' id='word_1_13' title='bbox 560 669 605 744; x_wconf 85' lang='grc' dir='ltr'><strong><em>ὡς</em></strong></span> <span class='ocrx_word' id='word_1_14' title='bbox 628 669 665 733; x_wconf 89' lang='grc' dir='ltr'><strong><em>τὸ</em></strong></span> <span class='ocrx_word' id='word_1_15' title='bbox 689 673 759 732; x_wconf 84' lang='grc' dir='ltr'><strong><em>ΑΕ</em></strong></span> <span class='ocrx_word' id='word_1_16' title='bbox 780 691 811 752; x_wconf 94' lang='lat' dir='ltr'><strong><em>p.</em></strong></span> <span class='ocrx_word' id='word_1_17' title='bbox 826 669 878 752; x_wconf 87' lang='lat'><strong><em>38,</em></strong></span> <span class='ocrx_word' id='word_1_18' title='bbox 893 667 950 751; x_wconf 80' lang='lat'><strong><em>21]</em></strong></span> <span class='ocrx_word' id='word_1_19' title='bbox 976 665 1047 732; x_wconf 84' lang='grc' dir='ltr'><strong><em>ἑτιελ</em></strong></span> <span class='ocrx_word' id='word_1_20' title='bbox 1070 667 1132 754; x_wconf 78' lang='grc' dir='ltr'><strong><em>γάρ</em></strong></span> 
     </span>
     <span class='ocr_line' id='line_1_5' title="bbox 119 773 1133 861; baseline -0.002 -22"><span class='ocrx_word' id='word_1_21' title='bbox 119 774 217 858; x_wconf 80' lang='grc' dir='ltr'><strong><em>ἐστιν,</em></strong></span> <span class='ocrx_word' id='word_1_22' title='bbox 241 775 286 851; x_wconf 83' lang='grc' dir='ltr'><strong><em>ὡς</em></strong></span> <span class='ocrx_word' id='word_1_23' title='bbox 305 779 373 838; x_wconf 85' lang='grc' dir='ltr'><strong><em>ΑΕ</em></strong></span> <span class='ocrx_word' id='word_1_24' title='bbox 394 775 478 861; x_wconf 80' lang='grc' dir='ltr'><strong><em>πρὸς</em></strong></span> <span class='ocrx_word' id='word_1_25' title='bbox 497 777 571 857; x_wconf 91' lang='grc' dir='ltr'><strong><em>ΓΖ,</em></strong></span> <span class='ocrx_word' id='word_1_26' title='bbox 595 774 701 850; x_wconf 79' lang='grc' dir='ltr'><strong><em>οὕτως</em></strong></span> <span class='ocrx_word' id='word_1_27' title='bbox 724 777 801 838; x_wconf 84' lang='grc' dir='ltr'><strong><em>ΑΗ</em></strong></span> <span class='ocrx_word' id='word_1_28' title='bbox 818 773 902 859; x_wconf 73' lang='grc' dir='ltr'><strong><em>πρὸς</em></strong></span> <span class='ocrx_word' id='word_1_29' title='bbox 925 775 996 856; x_wconf 85' lang='grc' dir='ltr'><strong><em>ΓΛ,</em></strong></span> <span class='ocrx_word' id='word_1_30' title='bbox 1021 775 1133 859; x_wconf 79' lang='grc' dir='ltr'><strong><em>δῆλον,</em></strong></span> 
     </span>
     <span class='ocr_line' id='line_1_6' title="bbox 83 878 1135 966; baseline 0.001 -22"><span class='ocrx_word' id='word_1_31' title='bbox 83 881 169 945; x_wconf 78' lang='grc' dir='ltr'><strong><em>δὸτι</em></strong></span> <span class='ocrx_word' id='word_1_32' title='bbox 197 878 252 945; x_wconf 84' lang='grc' dir='ltr'><strong><em>καὶ</em></strong></span> <span class='ocrx_word' id='word_1_33' title='bbox 280 886 398 945; x_wconf 81' lang='grc' dir='ltr'><strong><em>λοιποῦ</em></strong></span> <span class='ocrx_word' id='word_1_34' title='bbox 426 890 487 945; x_wconf 89' lang='grc' dir='ltr'><strong><em>τοῦ</em></strong></span> <span class='ocrx_word' id='word_1_35' title='bbox 514 885 589 945; x_wconf 85' lang='grc' dir='ltr'><strong><em>ΕΗ</em></strong></span> <span class='ocrx_word' id='word_1_36' title='bbox 615 881 699 966; x_wconf 80' lang='grc' dir='ltr'><strong><em>πρὸς</em></strong></span> <span class='ocrx_word' id='word_1_37' title='bbox 726 881 844 944; x_wconf 86' lang='grc' dir='ltr'><strong><em>λοιπὸν</em></strong></span> <span class='ocrx_word' id='word_1_38' title='bbox 870 879 909 943; x_wconf 87' lang='grc' dir='ltr'><strong><em>τὸ</em></strong></span> <span class='ocrx_word' id='word_1_39' title='bbox 938 883 1004 944; x_wconf 93' lang='grc' dir='ltr'><strong><em>ΖΔ</em></strong></span> <span class='ocrx_word' id='word_1_40' title='bbox 1037 883 1135 963; x_wconf 81' lang='grc' dir='ltr'><em>λόγος</em></span> 
     </span>
     <span class='ocr_line' id='line_1_7' title="bbox 117 983 1134 1069; baseline 0.002 -19"><span class='ocrx_word' id='word_1_41' title='bbox 117 986 186 1051; x_wconf 79' lang='grc' dir='ltr'><strong><em>ἐστὶ</em></strong></span> <span class='ocrx_word' id='word_1_42' title='bbox 214 985 329 1063; x_wconf 80' lang='grc' dir='ltr'><em>δοθεὶς</em></span> <span class='ocrx_word' id='word_1_43' title='bbox 356 987 413 1051; x_wconf 78' lang='grc' dir='ltr'><strong><em>διὰ</em></strong></span> <span class='ocrx_word' id='word_1_44' title='bbox 439 988 477 1051; x_wconf 91' lang='grc' dir='ltr'><strong><em>τὸ</em></strong></span> <span class='ocrx_word' id='word_1_45' title='bbox 502 985 553 1051; x_wconf 73' lang='grc' dir='ltr'><strong><em>ιό’</em></strong></span> <span class='ocrx_word' id='word_1_46' title='bbox 576 995 637 1051; x_wconf 86' lang='grc' dir='ltr'><strong><em>τοῦ</em></strong></span> <span class='ocrx_word' id='word_1_47' title='bbox 660 985 688 1050; x_wconf 86' lang='grc' dir='ltr'><strong><em>ε’</em></strong></span> <span class='ocrx_word' id='word_1_48' title='bbox 712 997 780 1050; x_wconf 83' lang='grc' dir='ltr'><strong><em>τῶν</em></strong></span> <span class='ocrx_word' id='word_1_49' title='bbox 802 987 990 1069; x_wconf 82' lang='grc' dir='ltr'><em>στοιχείων,</em></span> <span class='ocrx_word' id='word_1_50' title='bbox 1018 983 1075 1051; x_wconf 82' lang='grc' dir='ltr'><strong><em>κοιλ</em></strong></span> <span class='ocrx_word' id='word_1_51' title='bbox 1098 986 1134 1052; x_wconf 84' lang='grc' dir='ltr'><strong><em>ἐν</em></strong></span> 
     </span>
     <span class='ocr_line' id='line_1_8' title="bbox 117 1091 1132 1176; baseline 0.002 -20"><span class='ocrx_word' id='word_1_52' title='bbox 117 1094 218 1157; x_wconf 79' lang='grc' dir='ltr'><strong><em>ὅτοισι</em></strong></span> <span class='ocrx_word' id='word_1_53' title='bbox 245 1104 315 1168; x_wconf 83' lang='grc' dir='ltr'><strong><em>τοῖς</em></strong></span> <span class='ocrx_word' id='word_1_54' title='bbox 342 1095 507 1169; x_wconf 79' lang='grc' dir='ltr'><strong><em>τοιούτοις</em></strong></span> <span class='ocrx_word' id='word_1_55' title='bbox 538 1094 595 1156; x_wconf 76' lang='grc' dir='ltr'><strong><em>διὰ</em></strong></span> <span class='ocrx_word' id='word_1_56' title='bbox 622 1094 659 1157; x_wconf 88' lang='grc' dir='ltr'><strong><em>τὸ</em></strong></span> <span class='ocrx_word' id='word_1_57' title='bbox 688 1095 823 1176; x_wconf 87' lang='grc' dir='ltr'><strong><em>σχόλιον</em></strong></span> <span class='ocrx_word' id='word_1_58' title='bbox 850 1091 992 1176; x_wconf 80' lang='grc' dir='ltr'><strong><em>μάλιστα</em></strong></span> <span class='ocrx_word' id='word_1_59' title='bbox 1019 1101 1080 1157; x_wconf 86' lang='grc' dir='ltr'><strong><em>τοῦ</em></strong></span> <span class='ocrx_word' id='word_1_60' title='bbox 1109 1091 1132 1158; x_wconf 81' lang='grc' dir='ltr'><strong><em>ι’</em></strong></span> 
     </span>
     <span class='ocr_line' id='line_1_9' title="bbox 116 1198 767 1283; baseline 0 -21"><span class='ocrx_word' id='word_1_61' title='bbox 116 1199 341 1281; x_wconf 76' lang='grc' dir='ltr'><strong><em>θεωρήματος,</em></strong></span> <span class='ocrx_word' id='word_1_62' title='bbox 366 1198 449 1262; x_wconf 81' lang='grc' dir='ltr'><strong><em>ὅπου</em></strong></span> <span class='ocrx_word' id='word_1_63' title='bbox 473 1210 610 1283; x_wconf 81' lang='grc' dir='ltr'><strong><em>σημεῖον</em></strong></span> <span class='ocrx_word' id='word_1_64' title='bbox 633 1200 709 1264; x_wconf 81' lang='grc' dir='ltr'><strong><em>τόδε</em></strong></span> <span class='ocrx_word' id='word_1_65' title='bbox 733 1203 767 1262; x_wconf 91' lang='grc' dir='ltr'><strong><em>Ρ.</em></strong></span> 
     </span>
    </p>
   </div>
   <div class='ocr_carea' id='block_1_5' title="bbox 469 1409 781 1496">
    <p class='ocr_par' dir='ltr' id='par_1_5' title="bbox 469 1409 781 1496">
     <span class='ocr_line' id='line_1_10' title="bbox 469 1409 781 1496; baseline 0.006 -22"><span class='ocrx_word' id='word_1_66' title='bbox 469 1409 522 1474; x_wconf 86' lang='lat' dir='ltr'><strong><em>Ad</em></strong></span> <span class='ocrx_word' id='word_1_67' title='bbox 545 1433 635 1496; x_wconf 91' lang='lat' dir='ltr'><strong>prop.</strong></span> <span class='ocrx_word' id='word_1_68' title='bbox 659 1410 781 1476; x_wconf 90' lang='lat' dir='ltr'>XXIII.</span> 
     </span>
    </p>
   </div>
   <div class='ocr_carea' id='block_1_6' title="bbox 66 1529 1136 1940">
    <p class='ocr_par' dir='ltr' id='par_1_6' title="bbox 66 1529 1136 1940">
     <span class='ocr_line' id='line_1_11' title="bbox 66 1529 1134 1622; baseline 0.002 -24"><span class='ocrx_word' id='word_1_69' title='bbox 66 1543 99 1591; x_wconf 86' lang='lat'><strong><em>10</em></strong></span> <span class='ocrx_word' id='word_1_70' title='bbox 186 1536 236 1599; x_wconf 87' lang='grc'><strong><em>72.</em></strong></span> <span class='ocrx_word' id='word_1_71' title='bbox 257 1532 373 1598; x_wconf 81' lang='grc' dir='ltr'><strong><em>Ἔσται</em></strong></span> <span class='ocrx_word' id='word_1_72' title='bbox 400 1531 456 1598; x_wconf 84' lang='grc' dir='ltr'><strong><em>κοιλ</em></strong></span> <span class='ocrx_word' id='word_1_73' title='bbox 484 1540 602 1599; x_wconf 85' lang='grc' dir='ltr'><strong><em>λοιποῦ</em></strong></span> <span class='ocrx_word' id='word_1_74' title='bbox 628 1544 689 1599; x_wconf 84' lang='grc' dir='ltr'><strong><em>τοῦ</em></strong></span> <span class='ocrx_word' id='word_1_75' title='bbox 713 1539 777 1599; x_wconf 88' lang='grc' dir='ltr'><strong><em>ΕΒ</em></strong></span> <span class='ocrx_word' id='word_1_76' title='bbox 804 1558 834 1619; x_wconf 90' lang='lat' dir='ltr'><strong><em>p.</em></strong></span> <span class='ocrx_word' id='word_1_77' title='bbox 858 1536 911 1618; x_wconf 81' lang='lat'><strong><em>42,</em></strong></span> <span class='ocrx_word' id='word_1_78' title='bbox 935 1535 993 1620; x_wconf 83' lang='lat'><strong><em>21]</em></strong></span> <span class='ocrx_word' id='word_1_79' title='bbox 1028 1535 1087 1600; x_wconf 81' lang='grc' dir='ltr'><strong><em>ἐὰν</em></strong></span> <span class='ocrx_word' id='word_1_80' title='bbox 1113 1529 1134 1622; x_wconf 79' lang='grc' dir='ltr'><em>ᾗ</em></span> 
     </span>
     <span class='ocr_line' id='line_1_12' title="bbox 120 1637 1136 1728; baseline 0 -22"><span class='ocrx_word' id='word_1_81' title='bbox 120 1641 165 1718; x_wconf 82' lang='grc' dir='ltr'><strong><em>ὡς</em></strong></span> <span class='ocrx_word' id='word_1_82' title='bbox 194 1641 274 1706; x_wconf 90' lang='grc' dir='ltr'><strong><em>ὅλον</em></strong></span> <span class='ocrx_word' id='word_1_83' title='bbox 305 1641 389 1725; x_wconf 80' lang='grc' dir='ltr'><strong><em>πρὸς</em></strong></span> <span class='ocrx_word' id='word_1_84' title='bbox 416 1642 510 1724; x_wconf 85' lang='grc' dir='ltr'><strong><em>ὅλον,</em></strong></span> <span class='ocrx_word' id='word_1_85' title='bbox 543 1640 649 1716; x_wconf 78' lang='grc' dir='ltr'><strong><em>οὕτως</em></strong></span> <span class='ocrx_word' id='word_1_86' title='bbox 676 1637 864 1727; x_wconf 68' lang='grc' dir='ltr'><strong><em>ἀφαιρεθὲν</em></strong></span> <span class='ocrx_word' id='word_1_87' title='bbox 889 1642 973 1726; x_wconf 80' lang='grc' dir='ltr'><strong><em>πρὸς</em></strong></span> <span class='ocrx_word' id='word_1_88' title='bbox 1001 1641 1136 1728; x_wconf 81' lang='grc' dir='ltr'><strong><em>ἀφαιρε-</em></strong></span> 
     </span>
     <span class='ocr_line' id='line_1_13' title="bbox 117 1744 1134 1833; baseline 0.002 -21"><span class='ocrx_word' id='word_1_89' title='bbox 117 1746 196 1831; x_wconf 81' lang='grc' dir='ltr'><strong><em>θέν,</em></strong></span> <span class='ocrx_word' id='word_1_90' title='bbox 227 1744 283 1811; x_wconf 83' lang='grc' dir='ltr'><strong><em>κοιλ</em></strong></span> <span class='ocrx_word' id='word_1_91' title='bbox 315 1747 353 1811; x_wconf 89' lang='grc' dir='ltr'><strong><em>τὸ</em></strong></span> <span class='ocrx_word' id='word_1_92' title='bbox 381 1748 499 1811; x_wconf 88' lang='grc' dir='ltr'><strong><em>λοιτιὸν</em></strong></span> <span class='ocrx_word' id='word_1_93' title='bbox 530 1747 613 1833; x_wconf 80' lang='grc' dir='ltr'><strong><em>πρὸς</em></strong></span> <span class='ocrx_word' id='word_1_94' title='bbox 640 1748 677 1810; x_wconf 89' lang='grc' dir='ltr'><strong><em>τὸ</em></strong></span> <span class='ocrx_word' id='word_1_95' title='bbox 706 1748 824 1811; x_wconf 88' lang='grc' dir='ltr'><strong><em>λοιτιὸν</em></strong></span> <span class='ocrx_word' id='word_1_96' title='bbox 857 1750 947 1812; x_wconf 81' lang='grc' dir='ltr'><strong><em>ἔσται</em></strong></span> <span class='ocrx_word' id='word_1_97' title='bbox 976 1748 1021 1825; x_wconf 80' lang='grc' dir='ltr'><strong><em>ὡς</em></strong></span> <span class='ocrx_word' id='word_1_98' title='bbox 1054 1748 1134 1814; x_wconf 92' lang='grc' dir='ltr'><strong><em>ὅλον</em></strong></span> 
     </span>
     <span class='ocr_line' id='line_1_14' title="bbox 121 1854 316 1940; baseline -0.005 -22"><span class='ocrx_word' id='word_1_99' title='bbox 121 1855 204 1940; x_wconf 82' lang='grc' dir='ltr'><strong><em>πρὸς</em></strong></span> <span class='ocrx_word' id='word_1_100' title='bbox 228 1854 316 1918; x_wconf 82' lang='grc' dir='ltr'><strong><em>ὅλον.</em></strong></span> 
     </span>
    </p>
   </div>
   <div class='ocr_carea' id='block_1_7' title="bbox 64 1991 1136 2187">
    <p class='ocr_par' dir='ltr' id='par_1_7' title="bbox 64 1991 1136 2187">
     <span class='ocr_line' id='line_1_15' title="bbox 188 1991 1136 2086; baseline 0.002 -28"><span class='ocrx_word' id='word_1_101' title='bbox 188 1997 239 2060; x_wconf 87' lang='grc'><strong><em>73.</em></strong></span> <span class='ocrx_word' id='word_1_102' title='bbox 271 1993 305 2059; x_wconf 90' lang='lat' dir='ltr'><strong><em>P.</em></strong></span> <span class='ocrx_word' id='word_1_103' title='bbox 329 1995 382 2079; x_wconf 93' lang='lat'><strong><em>44,</em></strong></span> <span class='ocrx_word' id='word_1_104' title='bbox 407 1994 441 2078; x_wconf 82' lang='lat'><strong><em>5]</em></strong></span> <span class='ocrx_word' id='word_1_105' title='bbox 471 1994 527 2058; x_wconf 79' lang='grc' dir='ltr'><strong><em>διὰ</em></strong></span> <span class='ocrx_word' id='word_1_106' title='bbox 554 1991 614 2079; x_wconf 77' lang='grc' dir='ltr'><strong><em>μὲν</em></strong></span> <span class='ocrx_word' id='word_1_107' title='bbox 641 1995 678 2059; x_wconf 88' lang='grc' dir='ltr'><strong><em>τὸ</em></strong></span> <span class='ocrx_word' id='word_1_108' title='bbox 705 1993 733 2058; x_wconf 87' lang='grc' dir='ltr'><strong><em>ε’</em></strong></span> <span class='ocrx_word' id='word_1_109' title='bbox 756 1995 877 2059; x_wconf 82' lang='grc' dir='ltr'><strong><em>τούτου</em></strong></span> <span class='ocrx_word' id='word_1_110' title='bbox 904 2003 965 2059; x_wconf 85' lang='grc' dir='ltr'><strong><em>τοῦ</em></strong></span> <span class='ocrx_word' id='word_1_111' title='bbox 989 1998 1052 2060; x_wconf 88' lang='grc' dir='ltr'><strong><em>ΓΛ</em></strong></span> <span class='ocrx_word' id='word_1_112' title='bbox 1079 1993 1136 2086; x_wconf 75' lang='grc' dir='ltr'><strong><em>κοιλ</em></strong></span> 
     </span>
     <span class='ocr_line' id='line_1_16' title="bbox 64 2098 704 2187; baseline -0.002 -21"><span class='ocrx_word' id='word_1_113' title='bbox 64 2110 97 2158; x_wconf 82' lang='lat'><strong><em>15</em></strong></span> <span class='ocrx_word' id='word_1_114' title='bbox 116 2102 200 2187; x_wconf 80' lang='grc' dir='ltr'><strong><em>πρὸς</em></strong></span> <span class='ocrx_word' id='word_1_115' title='bbox 221 2102 258 2166; x_wconf 89' lang='grc' dir='ltr'><strong><em>τὸ</em></strong></span> <span class='ocrx_word' id='word_1_116' title='bbox 284 2103 345 2164; x_wconf 93' lang='grc' dir='ltr'><strong><em>ΓΖ</em></strong></span> <span class='ocrx_word' id='word_1_117' title='bbox 368 2103 467 2182; x_wconf 90' lang='grc' dir='ltr'><strong><em>λόγος</em></strong></span> <span class='ocrx_word' id='word_1_118' title='bbox 491 2098 560 2164; x_wconf 78' lang='grc' dir='ltr'><strong><em>ἐστὶ</em></strong></span> <span class='ocrx_word' id='word_1_119' title='bbox 581 2099 704 2176; x_wconf 73' lang='grc' dir='ltr'><strong><em>ὃοόεός.</em></strong></span> 
     </span>
    </p>
   </div>
   <div class='ocr_carea' id='block_1_8' title="bbox 116 2241 1137 2649">
    <p class='ocr_par' dir='ltr' id='par_1_8' title="bbox 116 2241 1137 2649">
     <span class='ocr_line' id='line_1_17' title="bbox 186 2241 1137 2330; baseline 0.003 -23"><span class='ocrx_word' id='word_1_120' title='bbox 186 2244 238 2307; x_wconf 90' lang='grc'><strong><em>74.</em></strong></span> <span class='ocrx_word' id='word_1_121' title='bbox 274 2242 309 2306; x_wconf 93' lang='lat' dir='ltr'><strong><em>P.</em></strong></span> <span class='ocrx_word' id='word_1_122' title='bbox 333 2244 392 2328; x_wconf 92' lang='lat'><strong><em>44,</em></strong></span> <span class='ocrx_word' id='word_1_123' title='bbox 422 2243 462 2327; x_wconf 84' lang='lat'><strong><em>6]</em></strong></span> <span class='ocrx_word' id='word_1_124' title='bbox 497 2241 726 2328; x_wconf 79' lang='grc' dir='ltr'><em>συμπέρασμα·</em></span> <span class='ocrx_word' id='word_1_125' title='bbox 760 2243 843 2307; x_wconf 82' lang='grc' dir='ltr'><strong><em>ὥστε</em></strong></span> <span class='ocrx_word' id='word_1_126' title='bbox 869 2251 929 2306; x_wconf 92' lang='grc' dir='ltr'><strong><em>τοῦ</em></strong></span> <span class='ocrx_word' id='word_1_127' title='bbox 959 2247 1021 2308; x_wconf 83' lang='grc' dir='ltr'><strong><em>ΓΛ</em></strong></span> <span class='ocrx_word' id='word_1_128' title='bbox 1052 2245 1137 2330; x_wconf 81' lang='grc' dir='ltr'><strong><em>πρὸς</em></strong></span> 
     </span>
     <span class='ocr_line' id='line_1_18' title="bbox 116 2345 1135 2432; baseline 0.002 -18"><span class='ocrx_word' id='word_1_129' title='bbox 116 2349 255 2414; x_wconf 80' lang='grc' dir='ltr'><strong><em>ἕκαστον</em></strong></span> <span class='ocrx_word' id='word_1_130' title='bbox 277 2360 345 2413; x_wconf 84' lang='grc' dir='ltr'><strong><em>τῶν</em></strong></span> <span class='ocrx_word' id='word_1_131' title='bbox 368 2352 440 2432; x_wconf 91' lang='grc' dir='ltr'><strong><em>ΓΖ,</em></strong></span> <span class='ocrx_word' id='word_1_132' title='bbox 462 2354 523 2413; x_wconf 85' lang='grc' dir='ltr'><strong><em>ΖΛ</em></strong></span> <span class='ocrx_word' id='word_1_133' title='bbox 552 2352 650 2431; x_wconf 86' lang='grc' dir='ltr'><strong><em>λόγος</em></strong></span> <span class='ocrx_word' id='word_1_134' title='bbox 675 2350 803 2425; x_wconf 60' lang='lat' dir='ltr'><strong>powg·</strong></span> <span class='ocrx_word' id='word_1_135' title='bbox 832 2351 900 2414; x_wconf 80' lang='grc' dir='ltr'><strong><em>ἔστι</em></strong></span> <span class='ocrx_word' id='word_1_136' title='bbox 924 2345 961 2413; x_wconf 71' lang='grc' dir='ltr'><strong><em>δὲ</em></strong></span> <span class='ocrx_word' id='word_1_137' title='bbox 983 2359 1044 2415; x_wconf 88' lang='grc' dir='ltr'><strong><em>τοῦ</em></strong></span> <span class='ocrx_word' id='word_1_138' title='bbox 1067 2356 1135 2416; x_wconf 90' lang='grc' dir='ltr'><strong><em>ΑΒ</em></strong></span> 
     </span>
     <span class='ocr_line' id='line_1_19' title="bbox 116 2453 1136 2545; baseline 0.004 -25"><span class='ocrx_word' id='word_1_139' title='bbox 116 2457 199 2542; x_wconf 79' lang='grc' dir='ltr'><strong><em>πρὸς</em></strong></span> <span class='ocrx_word' id='word_1_140' title='bbox 218 2458 279 2519; x_wconf 90' lang='grc' dir='ltr'><strong><em>ΓΖ</em></strong></span> <span class='ocrx_word' id='word_1_141' title='bbox 303 2457 401 2537; x_wconf 83' lang='grc' dir='ltr'><strong><em>λόγος</em></strong></span> <span class='ocrx_word' id='word_1_142' title='bbox 420 2456 547 2532; x_wconf 77' lang='grc' dir='ltr'><strong><em>ὅοθείς·</em></strong></span> <span class='ocrx_word' id='word_1_143' title='bbox 572 2453 627 2520; x_wconf 85' lang='grc' dir='ltr'><strong><em>κοιλ</em></strong></span> <span class='ocrx_word' id='word_1_144' title='bbox 650 2464 710 2521; x_wconf 86' lang='grc' dir='ltr'><strong><em>τοῦ</em></strong></span> <span class='ocrx_word' id='word_1_145' title='bbox 732 2459 797 2545; x_wconf 67' lang='grc' dir='ltr'><strong><em>ΑΒ</em></strong></span> <span class='ocrx_word' id='word_1_146' title='bbox 822 2457 886 2540; x_wconf 77' lang='grc' dir='ltr'><strong><em>ἄρα</em></strong></span> <span class='ocrx_word' id='word_1_147' title='bbox 908 2457 992 2541; x_wconf 80' lang='grc' dir='ltr'><strong><em>πρὸς</em></strong></span> <span class='ocrx_word' id='word_1_148' title='bbox 1014 2458 1053 2523; x_wconf 86' lang='grc' dir='ltr'><strong><em>τὸ</em></strong></span> <span class='ocrx_word' id='word_1_149' title='bbox 1073 2461 1136 2523; x_wconf 92' lang='grc' dir='ltr'><strong><em>ΓΖ</em></strong></span> 
     </span>
     <span class='ocr_line' id='line_1_20' title="bbox 117 2558 788 2649; baseline 0.003 -25"><span class='ocrx_word' id='word_1_150' title='bbox 117 2563 215 2643; x_wconf 88' lang='grc' dir='ltr'><strong><em>λόγος</em></strong></span> <span class='ocrx_word' id='word_1_151' title='bbox 238 2558 307 2625; x_wconf 81' lang='grc' dir='ltr'><strong><em>ἐστὶ</em></strong></span> <span class='ocrx_word' id='word_1_152' title='bbox 331 2560 445 2638; x_wconf 72' lang='grc' dir='ltr'><strong><em>δοθεὶς</em></strong></span> <span class='ocrx_word' id='word_1_153' title='bbox 467 2560 523 2627; x_wconf 85' lang='grc' dir='ltr'><strong><em>κοιλ</em></strong></span> <span class='ocrx_word' id='word_1_154' title='bbox 545 2565 629 2649; x_wconf 78' lang='grc' dir='ltr'><strong><em>πρὸς</em></strong></span> <span class='ocrx_word' id='word_1_155' title='bbox 652 2564 688 2628; x_wconf 93' lang='grc' dir='ltr'><strong><em>τὸ</em></strong></span> <span class='ocrx_word' id='word_1_156' title='bbox 714 2567 788 2627; x_wconf 86' lang='grc' dir='ltr'><strong><em>ΖΛ.</em></strong></span> 
     </span>
    </p>
   </div>
   <div class='ocr_carea' id='block_1_9' title="bbox 62 2701 1136 2898">
    <p class='ocr_par' dir='ltr' id='par_1_9' title="bbox 62 2701 1136 2898">
     <span class='ocr_line' id='line_1_21' title="bbox 62 2701 1136 2792; baseline 0.005 -27"><span class='ocrx_word' id='word_1_157' title='bbox 62 2715 99 2765; x_wconf 73' lang='lat'><strong><em>20</em></strong></span> <span class='ocrx_word' id='word_1_158' title='bbox 185 2706 235 2770; x_wconf 77' lang='lat'><strong><em>75.</em></strong></span> <span class='ocrx_word' id='word_1_159' title='bbox 273 2701 371 2769; x_wconf 81' lang='grc' dir='ltr'><strong><em>Ὥστε</em></strong></span> <span class='ocrx_word' id='word_1_160' title='bbox 405 2705 541 2771; x_wconf 83' lang='grc' dir='ltr'><strong><em>πάντων</em></strong></span> <span class='ocrx_word' id='word_1_161' title='bbox 571 2707 655 2792; x_wconf 80' lang='grc' dir='ltr'><strong><em>πρὸς</em></strong></span> <span class='ocrx_word' id='word_1_162' title='bbox 685 2705 794 2769; x_wconf 78' lang='grc' dir='ltr'><strong><em>πάντα</em></strong></span> <span class='ocrx_word' id='word_1_163' title='bbox 825 2728 856 2788; x_wconf 89' lang='lat' dir='ltr'><strong><em>p.</em></strong></span> <span class='ocrx_word' id='word_1_164' title='bbox 883 2706 942 2788; x_wconf 85' lang='lat'><strong><em>44,</em></strong></span> <span class='ocrx_word' id='word_1_165' title='bbox 974 2705 1013 2789; x_wconf 83' lang='lat'><strong><em>8]</em></strong></span> <span class='ocrx_word' id='word_1_166' title='bbox 1051 2706 1136 2771; x_wconf 82' lang='grc' dir='ltr'><strong><em>ὥστε</em></strong></span> 
     </span>
     <span class='ocr_line' id='line_1_22' title="bbox 116 2809 1136 2898; baseline -0.001 -21"><span class='ocrx_word' id='word_1_167' title='bbox 116 2812 171 2878; x_wconf 81' lang='grc' dir='ltr'><strong><em>κοιλ</em></strong></span> <span class='ocrx_word' id='word_1_168' title='bbox 204 2820 264 2877; x_wconf 86' lang='grc' dir='ltr'><strong><em>τοῦ</em></strong></span> <span class='ocrx_word' id='word_1_169' title='bbox 292 2816 358 2877; x_wconf 90' lang='grc' dir='ltr'><strong><em>ΑΒ</em></strong></span> <span class='ocrx_word' id='word_1_170' title='bbox 390 2813 473 2898; x_wconf 78' lang='grc' dir='ltr'><strong><em>πρὸς</em></strong></span> <span class='ocrx_word' id='word_1_171' title='bbox 500 2817 570 2876; x_wconf 83' lang='grc' dir='ltr'><strong><em>ΑΕ</em></strong></span> <span class='ocrx_word' id='word_1_172' title='bbox 598 2809 654 2877; x_wconf 82' lang='grc' dir='ltr'><strong><em>κοιλ</em></strong></span> <span class='ocrx_word' id='word_1_173' title='bbox 686 2816 749 2876; x_wconf 86' lang='grc' dir='ltr'><strong><em>ΕΒ</em></strong></span> <span class='ocrx_word' id='word_1_174' title='bbox 784 2809 866 2896; x_wconf 77' lang='grc' dir='ltr'><strong><em>μέρη</em></strong></span> <span class='ocrx_word' id='word_1_175' title='bbox 899 2811 1002 2876; x_wconf 85' lang='grc' dir='ltr'><strong><em>αὐτοῦ</em></strong></span> <span class='ocrx_word' id='word_1_176' title='bbox 1037 2813 1136 2894; x_wconf 89' lang='grc' dir='ltr'><strong><em>λόγος</em></strong></span> 
     </span>
    </p>
   </div>
   <div class='ocr_carea' id='block_1_10' title="bbox 154 3073 1135 3202">
    <p class='ocr_par' dir='ltr' id='par_1_10' title="bbox 154 3073 1135 3202">
     <span class='ocr_line' id='line_1_23' title="bbox 189 3073 1135 3143; baseline -0.005 -11"><span class='ocrx_word' id='word_1_177' title='bbox 189 3084 230 3132; x_wconf 81' lang='grc'><strong><em>70.</em></strong></span> <span class='ocrx_word' id='word_1_178' title='bbox 249 3075 316 3129; x_wconf 87' lang='grc' dir='ltr'><strong><em>ΡΙλ.</em></strong></span> <span class='ocrx_word' id='word_1_179' title='bbox 373 3082 413 3131; x_wconf 82' lang='grc'><strong><em>71.</em></strong></span> <span class='ocrx_word' id='word_1_180' title='bbox 433 3075 701 3143; x_wconf 71' lang='grc' dir='ltr'><strong><em>ΡΝοό.τΜοο.ρο;</em></strong></span> <span class='ocrx_word' id='word_1_181' title='bbox 719 3073 786 3128; x_wconf 75' lang='lat' dir='ltr'><strong>inde</strong></span> <span class='ocrx_word' id='word_1_182' title='bbox 801 3091 818 3127; x_wconf 79' lang='lat' dir='ltr'><strong>a</strong></span> <span class='ocrx_word' id='word_1_183' title='bbox 832 3073 908 3128; x_wconf 84' lang='lat' dir='ltr'>uerb.</span> <span class='ocrx_word' id='word_1_184' title='bbox 924 3073 974 3128; x_wconf 83' lang='grc' dir='ltr'><strong><em>ιιαλ</em></strong></span> <span class='ocrx_word' id='word_1_185' title='bbox 991 3075 1092 3127; x_wconf 77' lang='grc' dir='ltr'><strong><em>λοιποῦ</em></strong></span> <span class='ocrx_word' id='word_1_186' title='bbox 1111 3075 1135 3127; x_wconf 84' lang='grc' dir='ltr'><strong><em>λ.</em></strong></span> 
     </span>
     <span class='ocr_line' id='line_1_24' title="bbox 154 3146 819 3202; baseline -0.006 0"><span class='ocrx_word' id='word_1_187' title='bbox 154 3147 309 3202; x_wconf 74' lang='grc' dir='ltr'><strong><em>72.1’τσλ.</em></strong></span> <span class='ocrx_word' id='word_1_188' title='bbox 385 3146 497 3201; x_wconf 68' lang='grc' dir='ltr'><strong><em>Ι13.1”λ.</em></strong></span> <span class='ocrx_word' id='word_1_189' title='bbox 571 3153 657 3202; x_wconf 84' lang='lat' dir='ltr'>74.v.</span> <span class='ocrx_word' id='word_1_190' title='bbox 733 3150 819 3200; x_wconf 59' lang='grc' dir='ltr'><strong><em>λᾶι.</em></strong></span> 
     </span>
    </p>
   </div>
   <div class='ocr_carea' id='block_1_11' title="bbox 117 3388 1136 3586">
    <p class='ocr_par' dir='ltr' id='par_1_11' title="bbox 117 3388 1136 3586">
     <span class='ocr_line' id='line_1_25' title="bbox 188 3388 1136 3465; baseline -0.001 -18"><span class='ocrx_word' id='word_1_191' title='bbox 188 3400 212 3448; x_wconf 79' lang='lat'><strong><em>2.</em></strong></span> <span class='ocrx_word' id='word_1_192' title='bbox 232 3394 294 3465; x_wconf 83' lang='grc' dir='ltr'><strong><em>τοῦ]</em></strong></span> <span class='ocrx_word' id='word_1_193' title='bbox 312 3398 350 3465; x_wconf 79' lang='grc' dir='ltr'><strong><em>τῷ</em></strong></span> <span class='ocrx_word' id='word_1_194' title='bbox 368 3393 387 3448; x_wconf 92' lang='lat' dir='ltr'><strong><em>l.</em></strong></span> <span class='ocrx_word' id='word_1_195' title='bbox 462 3394 511 3465; x_wconf 86' lang='grc' dir='ltr'><strong><em>ιε’]</em></strong></span> <span class='ocrx_word' id='word_1_196' title='bbox 531 3393 571 3447; x_wconf 65' lang='grc' dir='ltr'><strong><em>ιδ’</em></strong></span> <span class='ocrx_word' id='word_1_197' title='bbox 591 3397 613 3447; x_wconf 94' lang='grc' dir='ltr'><strong><em>λ.</em></strong></span> <span class='ocrx_word' id='word_1_198' title='bbox 694 3399 719 3447; x_wconf 83' lang='grc'><strong><em>5,</em></strong></span> <span class='ocrx_word' id='word_1_199' title='bbox 739 3391 782 3447; x_wconf 90' lang='grc' dir='ltr'><strong><em>ὅτι</em></strong></span> <span class='ocrx_word' id='word_1_200' title='bbox 812 3409 866 3446; x_wconf 90' lang='lat' dir='ltr'><strong><em>om.</em></strong></span> <span class='ocrx_word' id='word_1_201' title='bbox 886 3391 1052 3462; x_wconf 74' lang='lat' dir='ltr'><strong>P1Vat.vo,</strong></span> <span class='ocrx_word' id='word_1_202' title='bbox 1078 3388 1136 3446; x_wconf 75' lang='grc' dir='ltr'><strong><em>ἐστί</em></strong></span> 
     </span>
     <span class='ocr_line' id='line_1_26' title="bbox 117 3454 1134 3586; baseline 0.001 -69"><span class='ocrx_word' id='word_1_203' title='bbox 117 3465 226 3586; x_wconf 84' lang='lat' dir='ltr'><strong><em>(comp.)</em></strong></span> <span class='ocrx_word' id='word_1_204' title='bbox 246 3485 270 3531; x_wconf 80' lang='grc' dir='ltr'><strong><em>ρ.</em></strong></span> <span class='ocrx_word' id='word_1_205' title='bbox 344 3469 368 3520; x_wconf 90' lang='lat'><strong><em>8.</em></strong></span> <span class='ocrx_word' id='word_1_206' title='bbox 390 3463 461 3519; x_wconf 77' lang='grc' dir='ltr'><strong><em>ὅπου</em></strong></span> <span class='ocrx_word' id='word_1_207' title='bbox 482 3495 508 3505; x_wconf 82' lang='lat'>-</span> <span class='ocrx_word' id='word_1_208' title='bbox 535 3465 570 3535; x_wconf 92' lang='lat' dir='ltr'><strong><em>P]</em></strong></span> <span class='ocrx_word' id='word_1_209' title='bbox 590 3481 643 3519; x_wconf 89' lang='lat' dir='ltr'><strong><em>om.</em></strong></span> <span class='ocrx_word' id='word_1_210' title='bbox 661 3482 686 3520; x_wconf 89' lang='lat' dir='ltr'><strong><em>v.</em></strong></span> <span class='ocrx_word' id='word_1_211' title='bbox 762 3468 870 3518; x_wconf 91' lang='lat' dir='ltr'>Pom.</span> <span class='ocrx_word' id='word_1_212' title='bbox 886 3485 909 3531; x_wconf 80' lang='grc' dir='ltr'><strong><em>ρ.</em></strong></span> <span class='ocrx_word' id='word_1_213' title='bbox 984 3467 1026 3518; x_wconf 90' lang='lat'><strong><em>10.</em></strong></span> <span class='ocrx_word' id='word_1_214' title='bbox 1046 3454 1065 3534; x_wconf 79' lang='grc' dir='ltr'><strong><em>ἦ</em></strong></span> <span class='ocrx_word' id='word_1_215' title='bbox 1085 3463 1134 3534; x_wconf 84' lang='grc' dir='ltr'><strong><em>ὡς]</em></strong></span> 
     </span>
    </p>
   </div>
   <div class='ocr_carea' id='block_1_12' title="bbox 61 3520 926 3620">
    <p class='ocr_par' dir='ltr' id='par_1_12' title="bbox 61 3520 926 3620">
     <span class='ocr_line' id='line_1_27' title="bbox 61 3520 926 3620; baseline 0.003 -34"><span class='ocrx_word' id='word_1_216' title='bbox 61 3520 168 3620; x_wconf 54' lang='grc' dir='ltr'><strong><em>ναι.</em></strong></span> <span class='ocrx_word' id='word_1_217' title='bbox 204 3535 242 3587; x_wconf 71' lang='grc' dir='ltr'><strong><em>’λ</em></strong></span> <span class='ocrx_word' id='word_1_218' title='bbox 318 3540 360 3588; x_wconf 88' lang='grc'><strong><em>14.</em></strong></span> <span class='ocrx_word' id='word_1_219' title='bbox 380 3533 443 3607; x_wconf 80' lang='grc' dir='ltr'><strong><em>μέν]</em></strong></span> <span class='ocrx_word' id='word_1_220' title='bbox 462 3537 632 3603; x_wconf 71' lang='lat' dir='ltr'><strong><em>suspectum.</em></strong></span> <span class='ocrx_word' id='word_1_221' title='bbox 707 3539 748 3590; x_wconf 80' lang='lat'><strong><em>18.</em></strong></span> <span class='ocrx_word' id='word_1_222' title='bbox 768 3536 812 3607; x_wconf 91' lang='grc' dir='ltr'><strong><em>το]</em></strong></span> <span class='ocrx_word' id='word_1_223' title='bbox 830 3534 881 3590; x_wconf 88' lang='grc' dir='ltr'><strong><em>τόν</em></strong></span> <span class='ocrx_word' id='word_1_224' title='bbox 900 3552 926 3589; x_wconf 82' lang='grc' dir='ltr'><strong><em>τ.</em></strong></span> 
     </span>
    </p>
   </div>
   <div class='ocr_carea' id='block_1_13' title="bbox 0 0 1206 3840">
    <p class='ocr_par' dir='ltr' id='par_1_13' title="bbox 0 0 1206 3840">
     <span class='ocr_line' id='line_1_28' title="bbox 0 0 1206 3840; baseline 0 0"><span class='ocrx_word' id='word_1_225' title='bbox 0 0 1206 3840; x_wconf 95' lang='lat' dir='ltr'><strong><em> </em></strong></span> 
     </span>
    </p>
   </div>
  </div>
 </body>
</html>
