2400 3840
476 215 478 221 .
529 178 634 229 DATA.
816 192 818 201 2
1024 168 1087 233 117

525 371 643 436 LXIII.

147 497 181 563 Si
202 498 385 584 triangulus
406 496 512 582 specie
533 497 627 560 datus
646 498 705 578 est,
725 494 882 577 quadrata
899 493 934 555 in
953 492 1090 577 singulis

76 604 237 670 lateribus
251 604 320 668 eius
335 605 523 668 constructa
541 601 582 665 ad
601 599 802 685 triangulum
821 598 982 662 rationem
995 596 1092 660 habe·

581 706 664 770 bunt
686 706 804 770 datam.

636 811 679 875 sit
702 810 886 895 triangulus
911 807 1017 891 specie
1041 808 1093 871 da-

382 996 386 1004 ,
580 922 633 981 tus
658 919 771 1000 ΑΒΓ,
799 920 832 979 et
860 916 1092 980 construantur

488 1027 495 1048 ““
579 1023 615 1086 in
655 1022 792 1108 singulis
828 1020 986 1086 lateribus
1023 1019 1092 1083 eius

470 1050 529 1244 >
581 1129 738 1212 quadrata
752 1132 826 1212 ΕΒ,
837 1130 906 1212 ΓΔ,
917 1129 986 1190 ΓΖ.
1011 1125 1093 1209 dico,

442 1252 462 1274 s
580 1235 832 1317 unumquodque
899 1232 1094 1315 quadratum

562 1344 658 1424 ·EB,
685 1343 760 1424 ΓΛ,
783 1343 843 1404 ΓΖ
876 1339 916 1402 ad
949 1337 1094 1422 triangu-

580 1446 650 1509 lum
669 1448 774 1509 ΑΒΓ
791 1445 953 1510 rationem
973 1444 1094 1507 habere

585 1552 703 1615 datam.

176 1707 204 1760 Δ
647 1678 724 1719 nam
750 1654 904 1737 quoniam
926 1655 961 1717 in
985 1655 1097 1718 eadem

586 1765 676 1826 recta
699 1764 767 1824 ΒΓ
784 1760 950 1845 quaelibet
972 1761 1096 1844 figurae

83 1865 271 1933 rectilineae
305 1865 411 1950 speeie
444 1867 537 1930 datae
565 1869 675 1951 ΑΒΓ,
699 1870 760 1930 ΓΔ
795 1866 976 1949 descriptae
1013 1868 1099 1950 sunt,

84 1973 171 2037 ratio
199 1975 308 2036 ΑΒΓ
314 1994 321 2035 :
337 1975 398 2036 ΓΛ
425 1973 501 2036 data
529 1973 591 2037 erit
619 1973 723 2057 [prop.
742 1971 872 2055 XLIX]⁸
919 1972 1030 2035 eadem
1059 1971 1098 2035 de

86 2101 186 2143 causa
208 2078 308 2142 etiam
330 2079 415 2142 ratio
439 2079 607 2165 utriusque
632 2079 780 2162 quadrati
803 2082 877 2163 ER,
896 2080 962 2141 ΖΓ
981 2078 1021 2141 ad
1043 2076 1100 2140 tri-

87 2185 244 2270 angulum
267 2188 372 2250 ΑΒΓ
391 2186 466 2249 data
489 2189 548 2249 est.

537 2378 652 2444 LXIV.

164 2500 199 2566 Si
234 2502 419 2588 triangulus
457 2504 612 2567 obtusum
652 2503 808 2588 angulum
846 2503 958 2566 datum
993 2500 1101 2584 habet,

89 2608 241 2693 spatium,
260 2631 323 2692 quo
339 2608 532 2691 quadratum
551 2608 664 2674 lateris
680 2608 740 2673 sub
760 2609 878 2672 obtuso
893 2607 1014 2693 angulo
1029 2606 1102 2670 sub·

89 2714 254 2778 tendentis
278 2715 383 2779 maius
407 2719 457 2778 cst
480 2716 647 2798 quadratis
670 2715 810 2779 laterum
831 2715 985 2780 obtusum
1005 2735 1104 2798 angu-

89 2820 159 2884 lum
182 2820 537 2905 comprehendentium,
565 2822 606 2885 ad
633 2821 834 2906 triangulum
862 2821 1023 2884 rationem
1049 2818 1105 2882 ha-

90 2925 182 2990 bebit
206 2926 322 2990 datam.

158 3031 202 3095 sit
224 3032 407 3118 triangmlus
431 3033 681 3118 obtusiangulus
704 3035 810 3096 ΑΒΓ
828 3031 983 3096 obtusum
1005 3051 1104 3114 angu-

90 3137 159 3202 lum
182 3141 286 3201 ABF
308 3137 431 3202 habene
456 3139 582 3223 datum,
610 3143 643 3202 ct
667 3138 866 3222 producatur
887 3136 922 3200 in
945 3135 1105 3199 directum

91 3247 181 3307 recta
203 3248 232 3307 Β
239 3246 276 3327 Γ,
303 3247 341 3307 ut
363 3246 421 3307 fiat
443 3248 519 3327 BA,
548 3249 581 3308 et
605 3245 740 3308 dueatur
764 3243 805 3306 ab
829 3248 861 3306 A
884 3242 925 3305 ad
948 3244 1010 3305 ΓΔ
1035 3262 1105 3324 per·

92 3449 127 3488 ex
146 3455 186 3489 ων
203 3440 285 3502 m.1;
306 3435 370 3506 ἕχον
388 3436 453 3491 Vae.
474 3438 503 3490 et
521 3453 589 3491 corr.
606 3453 639 3490 cx
655 3435 724 3506 ἔχων
738 3453 774 3489 m.
791 3441 806 3488 2
825 3453 855 3501 νς
877 3433 940 3504 ἔχον
955 3430 1060 3502 γωνίαν
1076 3433 1103 3488 b.

86 3551 89 3556 .
127 3506 195 3577 τῶν]
213 3505 265 3574 τήν
285 3508 394 3577 (comp.)
412 3508 487 3576 Vat,
506 3507 560 3561 del.
579 3525 615 3561 m.
636 3514 659 3562 2.
734 3512 775 3561 23.
795 3498 828 3579 ᾧ]
848 3522 901 3562 om.
920 3504 948 3560 b.
