2400 3840
128 158 174 222 26
535 156 741 208 ΔΕΔΟΜΕΝΔ.

127 304 195 386 ἄρα
218 308 278 364 τοῦ
301 305 334 364 Δ
341 305 368 364 Ζ
390 301 474 386 πρὸς
497 301 534 364 τὸ
557 304 590 365 Ε
615 301 713 382 λόγος
736 295 806 363 ἐστὶ
829 299 953 374 δοθείς.
998 296 1055 363 καὶ
1079 296 1149 363 ἐπεὶ

130 411 229 489 λόγος
252 405 321 471 ἐστὶ
340 405 455 482 δοθεὶς
477 414 537 470 τοῦ
556 409 622 469 AB
646 405 729 489 πρὸς
747 405 784 469 τὸ
805 406 875 487 ΓΔ,
899 403 918 470 ὁ
937 403 1038 480 αὐτὸς
1058 404 1148 492 αὐτῷ

129 512 292 597 γεγονέτω
316 513 334 578 ὁ
353 521 413 577 τοῦ
437 515 513 576 ΑΗ
531 512 615 595 πρὸς
637 512 674 600 τὸ
699 513 774 575 ΓΖ·
799 513 898 593 λόγος
920 511 985 597 ἅμα
1007 508 1066 575 καὶ
1089 518 1149 574 τοῦ

131 624 208 685 ΑΗ
230 621 313 704 πρὸς
340 619 377 683 τὸ
405 621 466 682 ΓΖ
495 618 618 692 δοθείς.
670 613 774 681 δοθὲν
801 613 838 682 δὲ
865 618 903 681 τὸ
932 618 1008 680 ΓΖ·
1042 613 1150 681 δοθὲν

91 729 196 813 σέλμα
219 723 334 790 καὶτὸ
357 728 445 789 ΑΗ·
469 722 524 788 καὶ
547 728 667 788 λοιποῦ
690 731 750 787 τοῦ
769 727 838 788 ΗΒ
861 723 945 808 πρὸς
967 723 1089 788 λοιπὸν
1112 724 1149 788 τὸ

123 837 197 900 ΛΖ
221 834 320 913 λόγος
343 829 412 896 ἐστὶ
435 832 558 906 δοθείς.
595 838 656 893 τοῦ
679 826 717 894 δὲ
740 833 807 893 ΔΖ
830 829 913 913 πρὸς
935 829 973 893 τὸ
997 833 1030 892 Ε
1050 831 1152 911 λόγος

127 936 201 1003 ε’στὶ
224 939 352 1013 δοθείς·
385 935 440 1001 καὶ
463 945 524 1001 τοῦ
547 940 616 1000 ΗΒ
644 937 709 1021 ὅροι
731 936 816 1021 πρὸς
837 936 875 999 τὸ
899 939 931 999 Ε
956 936 1057 1016 λόγος
1080 933 1152 1001 ἐστὶ

130 1046 255 1119 δοθείς.
300 1046 360 1107 ιιοιί
384 1042 453 1107 έστι
481 1039 586 1107 δοθὲν
608 1044 646 1107 τὸ
670 1045 758 1105 ΑΗ·
791 1042 828 1106 τὸ
852 1045 918 1106 ΑΒ
946 1041 1012 1125 ἄρα
1034 1049 1098 1106 τοῦ
1120 1045 1154 1106 Ε

129 1149 270 1215 δοθέντι
292 1151 403 1233 μεῖζόν
426 1147 517 1213 ἐστιν
539 1147 560 1230 ἢ
584 1147 620 1212 έν
643 1150 741 1235 λόγῳ.
1173 1166 1177 1174 ·

76 1390 113 1438 10
614 1376 671 1443 ιδ’.

197 1501 274 1567 Ἐδιν
293 1502 354 1566 δύο
374 1501 498 1586 μεγέθη
516 1503 600 1586 πρὸς
618 1504 745 1583 ἄλληλα
762 1503 864 1582 λόγον
882 1504 938 1587 έχγγ
958 1500 1153 1586 δεδομένον,

132 1607 188 1673 καὶ
210 1615 380 1693 προστεθῇ
404 1606 545 1695 ἑκατέρῳ
573 1607 685 1671 αὐτῶν
713 1605 894 1691 δεδομένον
920 1606 1078 1693 μέγεθος,
1112 1611 1153 1674 τδι

132 1717 194 1780 ὅλα
217 1716 299 1801 πρὸς
323 1716 449 1796 ἄλληλα
471 1715 544 1796 ἤτοι
568 1715 668 1794 λόγον
691 1710 754 1790 ἕξει
773 1711 964 1798 δεδομένον,
987 1712 1008 1797 ἢ
1027 1716 1065 1779 τὸ
1086 1714 1154 1780 ἔτε-

134 1845 197 1906 ρον
219 1829 279 1885 τοῦ
304 1817 417 1905 ἑτέρον
441 1817 579 1884 δοθέντι
602 1820 712 1903 μεῖζόν
736 1818 826 1884 ἐστιν
850 1817 870 1901 ὅ
894 1818 931 1884 έν
953 1822 1051 1908 λόγῳ.

80 1939 117 1988 15
204 1930 266 1992 δύο
290 1929 353 2011 γὰρ
380 1924 505 2011 μεγέθη
532 1926 573 1989 τὰ
596 1929 677 2008 ΑΒ,
696 1927 758 1989 ΓΛ
788 1926 872 2009 πρὸς
898 1927 1024 2009 ἄλληλα
1050 1932 1157 2012 λόγον

56 2033 60 2038 ’
135 2034 232 2119 ἐχέτω
252 2032 443 2118 δεδομένον,
460 2030 517 2097 κοιλ
534 2035 746 2117 προσκείσθω
766 2028 907 2120 ἑκατέρῳ
926 2033 1038 2097 αὐτῶν
1057 2034 1155 2098 δεδο-

133 2138 414 2224 μένονμέγεθος,
447 2120 487 2204 τό
508 2161 542 2203 τε
565 2139 635 2202 ΑΕ
660 2135 775 2202 καὶτὸ
800 2140 875 2202 ΓΖ·
908 2136 1007 2222 λέγω,
1037 2140 1090 2204 ὅτι
1113 2141 1155 2204 τὰ

135 2248 195 2311 ὅλοι
218 2247 258 2310 τὰ
281 2250 358 2328 ΕΒ,
379 2250 446 2309 ΖΛ
471 2246 556 2330 πρὸς
582 2245 707 2326 ἄλληλα
734 2245 808 2326 ἤτοι
835 2247 937 2325 λόγον
964 2248 1029 2328 ἔχει
1056 2245 1154 2310 δεδο·

134 2351 246 2435 μένον,
269 2350 346 2434 ἢτὸ
369 2349 483 2436 ἕτερον
505 2358 566 2414 τοῦ
590 2347 703 2436 ἑτέρον
727 2346 864 2415 δοθέντι
887 2353 997 2434 μεῖζόν
1020 2349 1153 2434 έστινῆ

76 2466 115 2516 20
136 2456 172 2521 έν
196 2460 292 2544 λόγῳ.
739 2475 742 2479 ·
932 2480 933 2484 ¹

203 2561 272 2628 ἐπεὶ
291 2564 354 2648 γὰρ
374 2560 478 2627 δοθέν
497 2561 588 2627 ε’στιν
607 2559 761 2646 ἑκάτερον
779 2574 847 2626 τῶν
865 2565 938 2645 ΕΑ,
958 2563 1030 2645 ΖΓ,
1054 2564 1155 2645 λόγος

123 2672 200 2754 ’ὅροι
222 2678 282 2734 τοῦ
301 2673 369 2733 ΕΑ
391 2669 474 2752 πρὸς
496 2670 534 2733 τὸ
555 2671 622 2733 ΖΓ
640 2669 763 2744 δοθείς.
799 2665 856 2732 κοιλ
878 2669 910 2732 εἰ
930 2665 991 2752 μὲν
1013 2667 1032 2734 ὁ
1052 2668 1156 2746 αὐτὸς

132 2784 179 2863 τῷ
208 2783 268 2838 τοῦ
291 2779 358 2839 ΑΒ
385 2775 468 2859 πρὸς
492 2777 567 2857 ΓΛ,
595 2776 687 2839 ἔσται
714 2771 770 2838 καὶ
794 2774 874 2839 ὅλον
897 2783 958 2838 τοῦ
976 2777 1040 2838 ΕΒ
1068 2777 1156 2862 πρὸς

132 2882 215 2946 ὅλον
237 2883 275 2945 τὸ
300 2885 366 2945 ΖΛ
389 2883 489 2981 λόγος
509 2882 633 2956 δοθείς.

207 3148 230 3195 1.
258 3145 309 3195 ΖΔ
328 3160 357 3210 ιι,
385 3141 455 3196 item
473 3142 521 3196 lin.
542 3150 566 3196 6.
658 3139 732 3196 ἐστίν
751 3159 781 3209 v,
810 3139 880 3195 item
898 3140 947 3196 lin.
967 3148 996 3210 2,
1016 3149 1042 3196 6.
1127 3149 1152 3197 2.

132 3210 245 3283 δοθεὶς]
265 3228 318 3266 om.
339 3230 364 3266 a.
427 3217 476 3267 ΓΔ
495 3211 594 3276 δοθείς
613 3230 638 3267 a.
712 3219 736 3268 3.
756 3210 904 3284 γεγονέτω]
925 3211 991 3267 ἔστω
1011 3230 1036 3266 a.
1100 3218 1153 3268 ΓΖ

131 3283 216 3353 λόγος
235 3300 260 3336 a.
323 3283 405 3353 λόγος
424 3314 457 3324 -
476 3290 501 3338 4.
522 3289 575 3339 ΓΖ
584 3284 657 3355 (111)]
678 3300 731 3338 om.
750 3284 815 3339 Vet.
880 3289 922 3337 13.
943 3282 999 3354 ἔχει
1017 3284 1043 3354 β.
1109 3290 1151 3339 17.

130 3355 175 3426 τε]
195 3371 248 3408 om.
269 3371 293 3408 a.
354 3362 396 3408 21.
416 3357 470 3409 ΑΕ
487 3355 518 3411 Ρ.
578 3361 620 3409 22.
639 3354 682 3426 τό]
703 3371 756 3409 om.
777 3372 801 3408 a.
861 3360 905 3408 2³.
924 3355 973 3435 τῷ]
994 3356 1071 3428 αὐτῷ
1090 3355 1106 3410 ὁ
1126 3373 1152 3409 a.

170 3425 201 3479 τὸ
223 3429 271 3479 ΓΔ
293 3442 319 3480 e.
401 3424 488 3497 ἔσται]
512 3442 601 3496 eomp.
621 3425 699 3493 Vae,
728 3424 858 3478 omnibus
883 3424 987 3479 litteus
1011 3444 1048 3480 m.
1068 3421 1099 3495 2,
1123 3430 1153 3480 et

131 3493 176 3548 sie
195 3495 358 3565 saepissime
377 3495 408 3548 in
426 3496 618 3564 sequentibus.
