2408 3848
140 159 183 224 96
543 159 747 211 AEAOMENA.

206 307 287 369 ἴστω
312 303 374 368 δύο
398 304 469 386 εἴδη
492 312 538 390 τῷ
562 302 642 366 εἴδει
666 298 828 385 δεδομένα
846 302 886 364 τὰ
905 305 980 383 ΑΛ,
999 303 1077 383 ΕΘ,

126 412 238 493 Ιλόγος
264 419 322 493 τῆς
348 414 411 476 ΒΔ
439 410 522 494 πρὸς
548 409 609 492 την
638 412 703 472 ΖΘ
729 409 856 484 δοδεῖς·
895 405 995 490 λέγω,
1023 405 1075 472 ὅτι

141 528 208 581 τῶν
218 521 344 580 λοιπῶν
356 520 509 600 πλευρῶν
518 515 602 599 πρὸς
637 570 659 618 A
680 567 907 617 ----P

37 609 42 619 ’
141 622 199 698 τὰς
213 622 330 697 λοιπὰς
345 622 490 706 πλευρὰς
504 623 601 703 λόγος
804 698 808 707 .
941 673 966 723 E

108 726 213 793 δέστῖ
235 730 358 804 δοθεῖς.

129 909 136 920 .
209 832 277 898 ἐπεὶ
309 835 373 919 γὰρ
407 836 504 916 λόγος
534 832 602 898 έῖσν

141 950 199 1024 τῆς
227 944 294 1027 ΔΒ
330 941 414 1026 πρὸς
444 941 505 1024 νην
539 945 603 1005 ΖΘ

143 1022 267 1129 δοθείς,
290 1055 348 1129 τῆς
370 1043 407 1110 δὲ
430 1051 497 1111 ΛΒ
520 1049 604 1132 πρὸς
663 1038 669 1104 .'

142 1154 203 1237 την
214 1156 276 1216 ΒΑ
290 1155 388 1233 λόγος
399 1151 602 1235 εστῖδοθεις,

93 1271 125 1319 10
144 1257 199 1323 καὶ
231 1268 288 1341 της
321 1260 437 1322 ΑΒ’
425 1261 489 1343 ἄρα
520 1261 603 1345 πρὸς

134 1412 136 1416 -
143 1365 204 1448 τὴν
222 1368 287 1428 ΖΘ
305 1367 402 1446 λόγος
421 1362 489 1430 ἐστὶ
509 1366 631 1441 δοθείςί
668 1375 726 1448 της
744 1361 781 1428 δέ
801 1369 864 1428 ΖΘ
882 1317 965 1449 πρὸς
978 1367 1044 1429 ΕΖ
1061 1368 1080 1427 λ

143 1468 212 1535 ἐστὶ
240 1471 367 1546 δοθείς·
404 1469 459 1535 καὶ
487 1481 545 1555 τῆς
571 1474 684 1537 ΑΒ’
671 1475 735 1557 αρα
764 1472 847 1557 πρὸς
879 1471 940 1554 την
967 1474 1031 1534 ΕΖ
1061 1474 1079 1535 λ

143 1574 211 1641 ἐστὶ
235 1577 357 1653 δοδείς.
396 1578 451 1641 διὰ
474 1578 514 1641 τδε
538 1578 621 1643 αὐτὰ
640 1579 681 1662 δὴ
701 1575 756 1642 καὶ
775 1588 842 1642 τῶν
861 1582 987 1642 λοιπῶν
1004 1581 1088 1643 πλεο·

46 1752 49 1757 ,
143 1685 226 1769 πρὸς
247 1684 306 1759 τὰς
328 1684 445 1760 λοιπὰς
468 1687 565 1767 λόγος
589 1683 658 1749 ἐστὶ
681 1685 804 1760 δοθείς.

640 1224 765 1273 Β--ψ
780 1192 906 1272 --2
945 1221 1079 1271 z--

92 1881 132 1938 15'
621 1876 686 1943 νδ.
974 1940 978 1948 .

208 2002 284 2068 Ἐὰν
303 2004 365 2069 δύο
384 2005 455 2086 εἴδη
475 2001 636 2087 δεδομένα
655 2012 700 2090 τῷ
715 2004 795 2067 εἴδει
814 2004 897 2088 πρὸς
916 2004 1042 2083 ἄλληλα
1058 2008 1076 2066 λ

145 2114 200 2197 ἔχη
229 2109 424 2195 δεδομένον,
456 2109 511 2175 καῖ
539 2111 577 2174 αἴ
601 2107 741 2195 πλευραὶ
768 2108 879 2173 αὐτῶν
907 2109 989 2193 πρὸς
1016 2107 1073 2173 ἀλλ

52 2199 55 2204 .
145 2221 245 2303 λόγον
269 2215 379 2295 έξονσι
403 2215 591 2300 δεδομένον.

212 2323 274 2387 δύο
308 2324 370 2407 γὰρ
403 2323 474 2404 εἴδη
507 2320 668 2406 δεδομένα
700 2332 745 2410 τῷ
774 2322 854 2386 εἴδει
886 2323 926 2385 τὰ
954 2327 996 2404 A,
1016 2325 1045 2385 Β

93 2440 126 2488 20
146 2431 270 2510 ἄλληλα
285 2432 386 2510 λόγον
400 2426 497 2511 ἐχέτω
513 2427 706 2512 δεδομένον·
726 2427 821 2511 λέγω,
836 2429 886 2493 ὅτι
900 2426 955 2492 καὶ
970 2428 1007 2492 αἴ
1018 2432 1069 2492 αλ.

146 2535 261 2599 αὐτῶν
280 2536 363 2618 πρὸς
386 2533 530 2617 ἀλληλας
553 2537 653 2616 λόγον
676 2533 786 2611 ἕξουσι
810 2533 998 2618 δεδομένον.
1021 2594 1024 2601 .

211 2642 248 2705 τὸ
277 2639 340 2725 γὰρ
368 2646 401 2703 Α
428 2649 474 2727 τῷ
503 2643 532 2703 Β
564 2640 637 2722 ἤτοι
671 2641 787 2724 ὅμοιόν
815 2640 905 2704 ἐστιν
932 2639 952 2722 ἢ
980 2641 1030 2705 οὔ.

145 2750 307 2833 πρότερον
325 2747 451 2830 ὅμοιον,
469 2744 524 2810 καῖ
543 2748 695 2830 εἴληφθω
713 2758 780 2811 τῶν
800 2750 870 2829 ΓΔ,
885 2751 948 2810 ΕΖ
967 2749 1061 2832 τρῖνη

146 2860 248 2936 λογον
270 2853 290 2936 ἡ
313 2856 357 2918 Η.
399 2855 490 2917 ἔστιν
513 2854 577 2937 ἄρα
601 2853 646 2928 ὡς
668 2853 688 2936 ἡ
712 2857 773 2918 ΓΔ
796 2854 879 2938 πρὸς
901 2853 962 2936 τὴν
985 2856 1030 2936 H,
1054 2880 1062 2915 ι

93 2961 183 3027 εοεὸ
207 2967 240 3025 Α
261 2961 344 3046 πρὸς
366 2961 403 3023 τὸ
427 2963 465 3022 Β.
502 2961 601 3040 λόγος
624 2955 661 3023 δὲ
683 2968 743 3023 τοῦ
762 2966 795 3024 Α
817 2961 900 3044 πρὸς
922 2961 959 3023 τὸ
979 2963 1008 3023 Β
1031 2960 1061 3024 δ(

146 3071 244 3150 λόγος
267 3069 331 3152 ἄρα
354 3064 408 3129 καῖ
431 3074 489 3147 τῆς
509 3058 570 3129 ΓΛ
592 3067 675 3151 πρὸς
697 3067 758 3149 την
776 3070 814 3130 Η
835 3067 957 3142 δοθείς.
997 3069 1055 3131 καί

83 3196 86 3201 ⁹
146 3259 151 3267 ·
219 3229 242 3277 1.
268 3221 341 3294 εἴδη]
361 3239 429 3277 corr.
450 3238 484 3274 ex
503 3220 573 3275 εἴδει
591 3240 626 3276 m.
647 3228 663 3274 2
682 3222 746 3276 vat.
830 3219 1057 3296 δεδομένανῷε

181 3291 245 3364 καῖ]
272 3311 325 3348 om
345 3293 423 3360 Vah,
452 3292 516 3346 add
540 3299 621 3347 Παλ
712 3295 827 3365 ΘΖΘ]
854 3298 949 3347 ΖΔν.
1043 3299 1058 3348 ’ἴ

147 3364 240 3418 BAb
296 3371 320 3418 8.
340 3371 389 3433 τῆς
409 3337 484 3417 δέ-
496 3369 519 3419 9.
540 3362 650 3436 δοθείς]
670 3364 765 3418 omb.
822 3370 920 3418 10.α
883 3362 932 3419 καί
943 3371 1030 3422 -11,
1049 3372 1063 3419 δ

148 3451 200 3488 om.
216 3453 241 3488 v.
298 3440 339 3488 11.
362 3435 502 3515 ΖΘ(Ρτ,)]
523 3436 621 3490 EZb.
676 3443 725 3504 της
744 3431 895 3490 δεΖΘ
918 3441 958 3490 12
980 3435 1061 3494 όοτῖί

68 3482 131 3628 ’-
147 3520 200 3557 om.
219 3503 246 3558 b.
327 3510 368 3559 14
388 3504 468 3577 πρός]
487 3523 518 3558 1n
535 3524 588 3561 ras.
608 3525 644 3561 m.
665 3513 725 3560 2v.
802 3506 902 3569 λοιπὰς
920 3505 1044 3576 πλευράς
