2400 3840
116 168 181 232 266
542 170 707 223 SOHOLIA.

182 314 234 377 23.
264 310 340 377 Ἐἀν
363 309 442 397 λέγῇ
466 313 517 377 ὅτι
540 310 673 376 δέδοται
697 313 771 398 ἀρα,
795 312 908 395 δῆλον,
932 312 1054 400 ὅτιτῇ
1079 336 1134 396 με-

114 419 208 502 γέθει
232 418 320 507 αὐτῷ
341 419 502 483 δεδόσθαι
524 416 619 500 λέγει.
658 417 716 482 έάν
735 416 917 500 δεδομένον
935 412 957 503 ῇ
975 428 1022 506 τῷ
1043 420 1134 502 εἴδει,

115 525 276 607 λέγειὸτι
300 523 432 589 δέδοται
460 525 525 610 ἀρα
553 533 599 611 τῷ
626 525 714 589 εἴδει.
762 523 820 589 έάν
843 522 1026 607 δεδομένον
1049 519 1072 610 ᾗ
1096 536 1135 610 τῇ

115 631 219 714 θέσει,
243 630 329 713 λέγει
352 631 403 695 ὅτι
427 628 559 694 δέδοται
582 632 646 715 ἀρα
667 640 707 715 τῇ
725 627 828 694 θέσει.
866 634 1015 706 σπανίως
1032 630 1134 715 πάνν,

79 737 173 802 σε’ἀν
201 732 222 824 ᾗ
251 735 430 821 δεδομένον
456 745 502 824 τῇ
530 735 678 820 μεγέθει,
712 734 798 818 λέγει
827 736 877 800 ὅτι
906 734 1041 801 δέδοται
1071 738 1136 823 ἀρα

115 853 160 931 τῷ
186 841 329 928 μεγέθει.

501 947 553 1013 Ad
574 969 665 1032 prop.
688 945 743 1011 III.

182 1073 232 1136 24.
258 1070 357 1137 Ὅλον
384 1073 449 1158 ἀρα
476 1096 507 1157 p.
528 1073 562 1155 8,
588 1070 644 1155 11]
673 1071 731 1136 έάν
754 1071 818 1157 γάρ
842 1076 898 1135 λσα
922 1077 1008 1148 ἴσοις
1030 1089 1136 1158 προσ-

114 1185 207 1262 τεθῇ,
230 1179 271 1241 τά
293 1177 401 1242 πάντα
420 1175 511 1242 ἐστὶν
535 1183 600 1242 ἴσα.

64 1367 97 1414 10
502 1352 554 1418 Ad
576 1376 667 1438 prop.
691 1353 747 1419 IV.

183 1478 234 1543 25.
268 1475 336 1542 Καὶ
367 1486 466 1542 τοῦτο
499 1477 738 1565 ἀντιστρόφιόν
771 1477 844 1542 έστί
871 1499 942 1554 πως
974 1487 1035 1543 τοῦ
1070 1479 1135 1565 πρὸ

116 1583 233 1648 αὐτοῦ·
257 1585 294 1649 τὸ
313 1585 377 1670 γάρ
395 1586 520 1670 κυρίως
538 1584 776 1670 ἀντιστρόφιον
795 1578 851 1666 ἦν·
873 1581 931 1647 έάν
951 1583 1136 1668 δεδομένον

114 1689 256 1773 μέγεθος
284 1692 330 1766 εἰς
352 1690 522 1755 ὁποσαοῦν
538 1690 716 1775 διαιρεθῇ,
739 1688 794 1754 καὶ
817 1687 957 1754 ἕκαστον
980 1699 1063 1773 τῶν,
1088 1692 1136 1765 εἰς

115 1794 135 1860 ἀ
160 1794 324 1882 διῄρηται,
346 1793 526 1879 δεδομένον
550 1795 649 1860 ἐστίν.

62 1930 95 1979 15
184 1921 235 1986 26.
267 1920 397 1984 Λοιπὸν
424 1920 489 2005 ἀρα
516 1942 545 2003 p.
566 1921 600 2000 8,
620 1918 677 2002 24]
706 1917 765 1982 έάν
786 1918 851 2003 γάρ
879 1916 943 1981 ἀπὸ
968 1923 1053 1982 ἴσον
1078 1924 1134 1984 λ’σα

116 2025 296 2112 ἀφαιρεθῇ,
319 2026 360 2089 τά
383 2025 482 2090 λοιπά
506 2024 597 2089 έστιν
621 2030 684 2089 ἶσα.

510 2218 562 2284 Ad
583 2241 675 2304 prop.
694 2218 734 2282 V.

184 2344 234 2407 27.
269 2335 352 2406 Οἷον
374 2343 392 2408 ὁ
417 2346 446 2407 i}
469 2344 552 2428 πρὸς
575 2340 695 2406 ἑαυτοῦ
713 2340 813 2428 μέρος
830 2343 890 2407 τὸν
908 2345 926 2407 ῐ
945 2345 1048 2425 λόγον
1067 2346 1134 2426 ἔχει

114 2449 174 2513 τὸν
201 2448 368 2531 ἡμιόλιον,
396 2445 451 2512 καὶ
479 2449 562 2534 πρὸς
589 2449 649 2513 τὸν
673 2448 790 2512 λοιπὸν
817 2448 877 2513 τὸν
898 2450 917 2512 ἒ
940 2451 1042 2531 λόγον
1066 2453 1134 2534 ἔχει

59 2565 95 2614 20
114 2555 173 2618 τὸν
195 2556 423 2638 τριπλασίονα.

183 2679 233 2742 28.
272 2681 377 2742 Τοῦτο
401 2680 486 2742 ἔοικε
508 2688 554 2766 τῇ
572 2676 628 2743 καὶ
648 2676 902 2764 ἀντιστρέψαντι
922 2681 1024 2760 λόγον
1043 2683 1134 2763 ἔχειν

115 2781 302 2867 δεδομένον.

185 3017 227 3066 23.
246 3011 398 3079 PlVotpo
413 3011 460 3079 (ad
474 3009 558 3064 finem
576 3009 643 3063 libri
660 3012 726 3079 post
740 3010 826 3064 schol.
841 3028 882 3065 nr.
899 3014 968 3080 101).
1025 3016 1069 3065 24.
1088 3011 1132 3067 θ’.

150 3081 495 3148 25.P1vat.vM0n.090.
576 3087 617 3135 26.
638 3080 698 3136 0²¹2.
776 3081 1133 3151 27.P1Vat.vMon.opS.

150 3159 192 3208 28.
212 3152 472 3219 ΡΝαόΜοιτσρλ.

186 3370 210 3417 3.
229 3364 297 3436 ἀρα]
316 3380 405 3433 comp.
420 3363 543 3418 bisVat.
604 3369 645 3417 11.
665 3360 853 3434 ἀντίστροφον
872 3381 940 3433 vop.
1003 3370 1046 3420 13.
1066 3375 1134 3435 τῶν,

113 3435 153 3496 εἰς
172 3433 208 3505 ἀ]
231 3437 324 3490 αὐτῶν
343 3433 390 3489 λ’σα
412 3435 458 3491 Pl.
551 3440 592 3489 16.
616 3432 712 3506 λοιπά]
731 3436 957 3504 καταλειπόμενα
976 3439 998 3491 λ.
1088 3444 1133 3492 18.

113 3504 228 3575 ἑαυτοῦ]
247 3506 277 3560 τὸ
298 3505 398 3561 ἑαυτοῦ
413 3524 438 3560 V.
512 3505 574 3577 τόν]
592 3504 624 3560 τό
643 3504 683 3574 Ιρ.
757 3511 799 3561 20.
818 3505 982 3575 τριπλάσιον
1001 3507 1115 3564 Mon.S.
