2400 3840
372 182 555 235 APPENDIX
576 182 820 236 εοειοιιοιευιι.
1036 180 1101 245 333

157 327 208 389 37.
246 327 294 390 Τὸ
314 331 346 390 A
370 328 433 412 ἄρα
455 327 539 411 πρὸς
558 326 596 390 τὸ
615 329 644 389 Β
667 350 698 409 p.
717 327 793 410 218,
811 325 846 410 3]
871 327 916 403 ὡς
939 326 1102 391 δέδεικται

87 432 126 497 ἐν
150 441 195 519 τῷ
220 431 251 501 ς’
270 435 388 520 βιβλίῳ
412 441 472 495 τοῦ
491 431 677 496 Εὐκλείδου
701 430 805 518 ἐντῷ
829 430 882 514 κγ’
901 435 1101 518 θεωρήματι.

157 558 210 622 38.
240 555 338 621 Ἀλλδι
364 552 424 639 μὲν
452 554 508 620 καλ
535 555 555 639 η
585 560 620 620 Κ
643 580 673 640 p.
692 557 771 640 218,
796 556 830 640 6]
864 555 922 620 ε’δίν
950 552 1011 621 ὦσι
1039 558 1101 622 δύο

88 663 231 747 εὐθεῖαι,
254 662 310 728 καὶ
333 669 448 748 ληφθῇ
472 686 522 740 τις
544 665 603 748 μία
626 662 790 746 εὐθεῖαι]
814 665 873 745 μία
895 674 962 728 τῶν
985 666 1101 749 πρότε-

89 794 152 856 ρον
178 771 262 856 πρὸς
289 773 349 855 τὴν
378 768 492 855 ἑτέραν
515 772 616 851 λόγον
645 772 709 853 ἔχει
737 771 796 834 τὸν
822 772 1037 853 συγκείμενον
1065 773 1100 836 ἔκ
1137 783 1153 830 5

89 900 125 942 τε
148 886 208 941 τοῦ
231 876 272 942 ὃν
294 879 359 960 ἔχει
382 874 402 958 ἡ
425 877 538 961 πρώτη
562 877 645 961 πρὸς
667 878 728 960 τὴν
751 874 886 959 ἔξωθεν,
910 877 954 951 ὡς
977 879 1101 961 ἔτυχεν,

90 989 279 1067 ληφθεῖσαν
302 981 357 1046 καλ
380 981 420 1047 δν
442 982 463 1064 ἡ
487 988 653 1066 ληφθεῖσα
676 983 760 1068 πρὸς
782 984 844 1065 τὴν
866 979 989 1067 ἑτέραν.

159 1109 210 1170 39.
229 1105 264 1172 Ὁ
279 1109 342 1193 ἄρα
358 1110 571 1191 συγκείμενος
588 1131 618 1192 p.
634 1108 709 1192 218,
724 1106 757 1191 8]
777 1119 881 1171 κεῖται
900 1103 936 1170 δέ
955 1108 1000 1183 ὡς
1017 1109 1054 1171 τὸ
1069 1112 1102 1170 Α

89 1214 173 1299 πρὸς
195 1215 232 1278 τὸ
252 1218 291 1298 Β,
315 1215 421 1290 οὕτως
438 1213 458 1297 ἡ
478 1217 513 1278 Κ
531 1215 615 1299 πρὸς
633 1217 677 1278 Λ·
701 1215 784 1279 ὥστε
802 1211 857 1279 καὶ
875 1213 896 1295 ἡ
916 1217 951 1277 Κ
969 1216 1052 1300 πρὸς
1070 1217 1101 1278 Λ

90 1323 191 1402 λόγον
216 1322 282 1404 ἔχει
309 1322 368 1385 τὸν
391 1325 606 1404 συγκείμενον
634 1320 669 1385 έκ
693 1332 761 1385 τῶν
782 1326 949 1405 πλευρῶν,
977 1330 1037 1385 τοῦ
1061 1320 1100 1386 ὃν
1120 1335 1154 1384 10

90 1430 155 1509 ἔχει
177 1427 197 1510 ἡ
223 1431 283 1491 ΓΔ
305 1428 388 1512 πρὸς
410 1431 473 1491 EZ
496 1424 551 1491 καὶ
574 1425 594 1508 ἡ
621 1430 688 1490 ΘΓ
704 1428 787 1512 πρὸς
810 1431 887 1490 ΕΗ.

320 1655 372 1721 Ad
395 1662 505 1741 λῆμμα
528 1665 588 1721 τοῦ
612 1655 721 1720 ἐποίνω
744 1680 775 1739 p.
794 1658 869 1721 224.

156 1783 207 1847 40.
241 1787 320 1857 Πῶς
348 1779 452 1846 δοθέν
481 1780 549 1846 ε’στι
577 1783 613 1846 τὸ
636 1780 701 1846 ὑπὸ
725 1792 792 1844 τῶν
815 1784 921 1845 ΑΒΓ
944 1780 1100 1865 ἀμβλείας

88 1886 306 1971 ὑποκειμένης
328 1897 386 1972 τῆς
404 1892 433 1952 Β
456 1890 579 1970 γωνίας
601 1886 621 1970 ἢ
645 1885 763 1966 ὀξείας;
800 1888 837 1951 τὸ
860 1887 1043 1971 λημμάτιον
1065 1887 1101 1952 ἐν

89 2004 135 2082 τῷ
159 1994 242 2060 τέλει
266 1994 426 2080 εὑρήσεις,
450 1995 534 2060 ὅπου
557 2006 692 2079 σημεῖον
715 1995 791 2059 τόδε
815 2019 871 2077 ap.
1120 2009 1152 2057 15

324 2223 376 2289 Ad
397 2249 488 2310 prop.
512 2223 587 2290 XCI
611 2226 786 2289 demonstr.
810 2224 864 2288 alt.

157 2351 208 2414 41.
241 2346 357 2414 Δοθὲν
379 2351 444 2435 ἄρα
467 2348 535 2414 ε’στλ
558 2351 595 2414 τὸ
618 2350 683 2414 ὑπὸ
707 2361 774 2413 τῶν
797 2354 895 2413 ΑΔΖ
922 2375 952 2434 p.
972 2349 1047 2434 226,
1065 2351 1100 2432 9]

90 2455 159 2521 ἐπεὶ
182 2458 245 2541 γὰρ
270 2455 444 2540 δεδομέναι
466 2455 551 2521 εἰσὶν
574 2458 612 2520 αί
632 2461 712 2539 ΑΖ,
732 2461 807 2539 ΖΔ,
830 2455 885 2521 καὶ
909 2457 968 2540 ὅλη
992 2456 1011 2540 ἡ
1035 2462 1101 2520 ΑΔ

90 2562 223 2627 δέδοται
241 2563 298 2626 διδι
316 2563 353 2627 τὸ
372 2561 415 2645 γ’·
440 2564 522 2627 ὥστε
542 2561 676 2649 ἑκατέρα
695 2576 761 2629 τῶν
780 2569 855 2648 AA,
870 2570 902 2628 Α
909 2569 935 2627 Z
960 2562 1100 2628 δέδοται.

88 2667 144 2733 καὶ
163 2668 276 2752 δῆλον,
299 2669 350 2732 ὅτι
372 2671 409 2734 τὸ
431 2667 490 2733 ὑπ’
510 2670 622 2735 αὐτῶν
639 2674 872 2756 περιεχόμενον
891 2669 1033 2754 δέδοται,
1057 2671 1101 2746 ὡς
1119 2683 1153 2731 20

90 2775 127 2840 ε’ν
150 2786 219 2851 τοίς
242 2776 345 2861 ὅροις·
374 2776 392 2841 ὅ
415 2799 449 2840 τε
471 2777 534 2861 γὰρ
558 2779 656 2858 λόγος
678 2786 736 2860 τῆς
756 2781 823 2841 ΑΛ
845 2778 928 2862 πρὸς
950 2777 1011 2859 τὴν
1033 2781 1099 2841 ΛΖ

89 2882 237 2967 δέδοται,
261 2882 434 2968 ἐπειδήπερ
458 2879 593 2968 ἑκατέρα
616 2893 683 2947 τῶν
706 2887 781 2966 ΑΔ,
799 2889 832 2946 Δ
839 2887 865 2945 Z
889 2880 1021 2947 δέδοται
1044 2883 1100 2946 διὰ

89 2991 126 3054 τὸ
150 2989 194 3073 α’,
217 2987 272 3054 καὶ
295 2991 332 3054 αί
353 2992 471 3072 γωνίαι
494 2987 668 3073 δεδομέναι
692 2991 789 3053 είσίν·
813 2987 915 3074 ὀρθαὶ
938 2988 1010 3074 γοίρ.

161 3200 291 3255 37.Pvl.
356 3204 398 3254 38.
417 3198 701 3267 PlVat.vM0n.⁶02.
770 3199 884 3253 39.Pv.
940 3199 1097 3267 40.Vat.p.

125 3276 167 3325 41.
187 3270 388 3337 PlVat.vopz.

90 3389 303 3399 -—--———

159 3470 184 3518 4·
204 3461 254 3532 μία
268 3466 341 3536 (pr-d

89 3552 143 3591 om.
162 3536 242 3591 codd.
300 3538 358 3591 ΘΓ

362 3462 460 3533 μείζων
474 3465 520 3534 Pl,
540 3486 587 3520 -ον
605 3469 627 3519 λ.
705 3462 846 3534 προτέρων
865 3486 889 3533 ρ.
970 3471 1009 3520 11.
1034 3463 1098 3538 καί]

361 3537 372 3606 ]
393 3541 419 3590 Γ
434 3552 487 3591 om.
503 3536 583 3592 codd.
657 3543 697 3592 15.
718 3536 835 3606 εὑρήσης
853 3558 876 3605 ρ.
