2400 3840
112 165 178 229 328
398 166 581 218 ΔΡΡΕΝΒΙΧ
600 165 844 218 SGHOLIORUM.

318 353 369 419 Ad
392 376 483 439 prop.
507 352 630 418 LXVII
653 354 828 418 demonstr.
851 355 924 417 tert.

183 489 233 553 20.
268 491 338 552 Καί
364 487 433 553 ἐστι
460 496 520 552 τοῦ
547 486 600 564 δὶς
626 487 691 552 ὑπὸ
723 497 791 551 τῶν
814 488 915 550 ΒΑΓ
940 509 971 570 p.
991 487 1072 572 208,
1100 485 1132 570 7]

116 595 172 658 διὰ
200 595 323 680 γὰρτὸ
347 592 397 672 ξς’
422 595 458 658 τὸ
481 593 546 659 ὑπὸ
574 604 641 658 τῶν
664 596 767 658 ΒΑΓ
788 593 871 678 πρὸς
897 592 934 656 τὸ
962 595 1133 678 τρίγωνον

114 705 216 782 λόγον
239 704 304 783 ἔχει
328 697 520 783 δεδομένον·
549 701 632 764 ὥστε
655 698 710 764 καὶ
733 701 770 765 τὸ
794 701 855 776 δίς.

79 837 95 885 5
183 826 234 889 21.
264 824 310 887 Τὰ
324 825 388 909 ἄρα
403 822 467 888 ἀπὸ
481 833 548 887 τῶν
563 825 665 887 ΒΑΓ
675 822 953 907 μ.208,11-12]
974 823 1011 889 έν
1031 833 1078 913 τῷ
1096 821 1131 907 β’

116 942 184 996 τῶν
208 932 380 1013 στοιχείων
403 929 537 1013 ἐδείχθη
561 938 607 1016 τῷ
630 926 677 1011 ιγ’
700 932 901 1017 θεωρήματι.
938 914 943 919 ’

184 1056 234 1118 22.
273 1055 320 1118 Τὰ
343 1055 407 1139 ἄρα
430 1053 494 1118 ἀπὸ
518 1064 585 1118 τῶν
608 1056 708 1118 ΒΑΓ
731 1078 761 1138 p.
781 1055 856 1140 208,
881 1054 936 1138 14]
966 1052 1003 1119 ἐν
1027 1064 1074 1142 τῷ
1098 1053 1132 1138 β’

116 1172 184 1226 τῶν
207 1164 379 1244 στοιχείων
402 1158 537 1243 ἐδείχθη
562 1159 598 1225 ἐν
620 1169 665 1247 τῷ
690 1159 724 1224 δ’
747 1163 947 1246 θεωρήματι.

185 1285 237 1350 23.
275 1282 430 1348 Τουτέστι
453 1291 498 1370 τῷ
523 1281 575 1359 δὶς
596 1282 662 1348 ὑπὸ
686 1284 941 1371 συναμφοτέρου
960 1295 1019 1369 τῆς
1039 1289 1134 1351 ΓΑΔ

62 1402 98 1452 10
116 1415 147 1476 p
151 1392 228 1456 208
229 1389 399 1476 ,17-18]
419 1389 477 1455 ἐὰν
496 1391 559 1476 γὰρ
579 1391 731 1476 λάβωμεν
750 1393 811 1476 τὴν
828 1396 877 1476 βα
894 1395 975 1477 μίαν
993 1393 1134 1458 εὐθεῖαν

119 1499 213 1575 ὡς’
200 1499 414 1582 οίτμητον,τ
395 1498 456 1579 τὴν
493 1493 530 1561 δὲ
565 1498 704 1619 θαγὃ

118 1610 198 1690 μίαν
222 1600 283 1689 μέν
306 1601 360 1668 καὶ
384 1602 498 1688 αὐτήν,
522 1627 636 1688 τετμη-

118 1711 222 1797 μένην
245 1707 282 1775 δὲ
300 1711 383 1774 κατὰ
401 1711 438 1775 τὸ
458 1734 487 1795 α,
510 1712 637 1793 γίνεται

117 1820 155 1883 τὸ
200 1817 266 1882 ὑπό
308 1840 342 1881 τε
384 1825 442 1901 τῆς
492 1816 636 1901 ἀτμήτου

64 1937 98 1986 15
118 1933 176 2008 τῆς
212 1928 259 2008 βα
299 1922 355 1988 καὶ
396 1921 535 1988 ἑκάστου
571 1935 638 1988 τῶν
990 1810 994 1967 2

118 2032 295 2116 τμημάτων
318 2042 386 2095 τῶν
409 2031 430 2094 ὃ
435 2055 471 2114 α,
489 2054 537 2113 αν
564 2037 638 2095 ίσον

118 2147 164 2226 τῷ
187 2137 253 2202 ὑπὸ
277 2136 531 2224 συναμφοτέρου
553 2146 611 2221 τῆς
635 2138 707 2219 δαν
728 2135 784 2201 καί
806 2147 864 2221 τῆς
887 2143 934 2223 αβ
957 2140 1014 2203 διὰ
1037 2141 1074 2205 τὸ
1101 2139 1137 2204 α’

118 2253 179 2309 τοῦ
204 2242 361 2330 δευτέρου
384 2247 518 2327 βιβλίου
541 2255 608 2308 τῶν
631 2248 815 2327 στοιχείων·
840 2243 1001 2310 ὥστεκαὶ
1025 2247 1062 2311 τὸ
1083 2246 1137 2322 δὶς

119 2350 185 2415 ὑπὸ
209 2361 276 2415 τῶν
299 2351 428 2433 βα,αὸ
454 2351 535 2434 μετὰ
562 2358 621 2415 τοῦ
650 2348 701 2426 δὶς
724 2350 788 2415 ὑπὸ
812 2362 880 2416 τῶν
902 2355 964 2435 βα,
984 2376 1030 2434 αν
1060 2359 1136 2418 ίσον

65 2468 102 2518 20
121 2455 189 2521 ἐστὶ
212 2466 257 2543 τῷ
282 2454 334 2531 δὶς
356 2454 421 2520 ὑπὸ
443 2454 697 2542 συναμφοτέρου
721 2466 779 2539 τῆς
801 2459 873 2539 ηαδ
895 2455 1032 2541 καὶτῆς
1055 2463 1113 2542 αβ.

187 2580 239 2645 24.
277 2577 343 2642 Καὶ
375 2587 434 2642 τοῦ
464 2579 529 2643 ὑπὸ
562 2578 817 2666 συναμφοτέρου
850 2582 914 2666 ίίρα
945 2590 1003 2665 τῆς
1033 2589 1102 2647 ΔΑ
1109 2586 1142 2648 Γ

120 2710 150 2771 p.
166 2688 240 2770 208,
255 2685 312 2770 26]
333 2685 391 2750 ἐὰν
410 2687 472 2771 γὰρ
495 2688 684 2772 ποιήσωμεν
703 2685 753 2752 ἐπ’
770 2688 903 2766 εὐθείας
926 2690 988 2773 τὴν
1005 2695 1071 2754 ΛΑ
1095 2700 1138 2776 τῇ

121 2797 193 2858 ΑΓ
211 2794 255 2869 ὡς
277 2794 338 2876 τὴν
356 2795 461 2857 ΔΑΓ
477 2791 532 2857 καὶ
556 2795 612 2858 διὰ
635 2803 694 2859 τοῦ
718 2801 750 2860 Α
773 2803 812 2879 τῇ
830 2798 902 2860 ΑΓ
918 2797 1001 2883 πρὸς
1024 2795 1139 2882 ὀρθὴν

123 2901 357 2984 ἀναστήσωμεν
380 2901 442 2984 την
460 2903 536 2984 ΑΒ,
560 2901 687 2986 δηλαδὴ
712 2907 785 2984 ίσης
807 2903 971 2987 μενούσης
993 2913 1051 2987 τῆς
1073 2901 1138 2988 μὲν

194 3116 236 3164 20
256 3108 396 3165 ΡΙΓοίηὸ
453 3116 495 3164 21.
515 3110 560 3165 Pl
616 3116 658 3165 22.
678 3111 707 3166 P.
763 3117 806 3166 23.
825 3112 893 3166 Post
911 3113 966 3167 ὑπὸ
985 3133 1022 3167 τω
1007 3119 1143 3170 νΒΑΓ

122 3200 149 3250 p.
165 3186 225 3250 208,
243 3186 275 3234 17
293 3179 384 3234 textui
399 3181 637 3250 interpositum.
693 3188 735 3238 24.
755 3183 1005 3273 PlVat.vM0n.p‹5
1011 3187 1033 3237 λ.
1059 3184 1139 3240 idem

124 3251 262 3306 scholium
271 3251 358 3304 etiam
370 3253 407 3305 ad
420 3271 447 3322 p
459 3257 519 3321 208,
530 3258 546 3306 ὁ
560 3254 591 3308 τὸ
606 3226 661 3321 ἄρα
676 3254 733 3308 ἀπὸ
749 3252 961 3324 συναμφοτέρου
974 3255 1084 3310 habent
1098 3257 1138 3327 12,

123 3323 173 3377 ubi
192 3321 245 3392 γάρ
265 3322 292 3390 (l.
308 3328 352 3394 22)
372 3340 424 3379 om.
445 3327 466 3379 λ.

196 3524 220 3572 3.
240 3517 351 3589 γάρ]
325 3539 355 3573 το
376 3518 428 3589 ηοίρ
448 3520 475 3575 S.
547 3539 578 3574 το
571 3520 667 3593 '(pr.)]
685 3530 734 3577 τοῦ
754 3522 771 3578 l.
846 3528 887 3579 22.
907 3520 973 3596 γάρ]
992 3540 1045 3579 om.
1066 3525 1105 3581 12.
