2400 3840
134 166 197 228 172
535 167 739 220 ΔΕΔΟΜΕΝΑ.

132 309 231 375 θεῖσά
260 308 362 374 ἐστιν·
395 318 453 392 τῆς
482 311 545 395 γάρ
571 313 632 373 ΓΒ
658 310 742 395 πρὸς
771 311 832 393 τήν
861 313 923 374 BA
951 312 1050 392 λόγος
1079 308 1150 374 ἐστὶ

133 417 262 498 δοθείς,
293 413 349 479 καὶ
376 414 509 480 δέδοται
535 415 556 497 ἡ
584 419 659 479 ΒΔ·
692 419 751 480 καί
776 415 845 480 ε’σιι
871 411 976 480 δοθὲν
1004 416 1041 479 τὸ
1072 421 1104 479 A
1111 418 1148 498 F,

133 520 188 585 καὶ
212 524 351 586 δοθεῖσα
374 519 394 603 ἡ
414 526 442 585 Β
465 525 584 603 γωνία·
608 523 748 586 δοθεῖσα
771 523 836 607 ἀρα
859 519 929 586 ἐστὶ
951 520 1007 585 καὶ
1026 520 1047 604 ή
1068 526 1148 585 ΑΒ·

135 626 269 713 ἑκατέρα
292 630 357 713 ἀρα
379 638 447 691 τῶν
470 631 551 711 ΑΒ,
570 631 638 691 ΒΓ
656 628 796 692 δοθεῖσα
820 626 919 692 ἐστιν.
963 698 966 703 ,

100 842 115 890 5
613 821 674 899 πζ’.

177 945 253 1011 Ἐἀν
272 948 318 1022 εἰς
336 948 460 1011 κύκλον
475 945 654 1030 δεδομένον
672 955 719 1033 τῷ
733 944 867 1028 μεγέθει
886 945 1001 1011 εὐθεῖα
1016 947 1150 1028 γραμμή

136 1053 223 1136 ἀχθῇ
247 1052 529 1136 ἀπολαμβάνουσα
552 1059 660 1135 τμήμα
684 1052 862 1135 δεχόμενον
885 1055 1013 1133 γωνίαν
1036 1053 1150 1116 δοθεῖ-

135 1175 208 1240 σαν,
233 1157 365 1222 δέδοται
388 1155 409 1239 ή
433 1156 574 1239 ἀχθεῖσα
596 1165 642 1244 τῷ
666 1157 809 1240 μεγέθει.

203 1264 249 1337 εἰς
278 1263 342 1348 γὰρ
370 1264 494 1327 κύκλον
522 1261 703 1346 δεδομένον
730 1272 776 1351 τῷ
803 1263 938 1348 μεγέθει
965 1264 1026 1327 τὸν
1049 1266 1156 1327 ΑΒΓ

83 1387 117 1435 10
136 1369 265 1451 διήχθω
288 1366 308 1449 ἡ
332 1372 365 1430 Α
371 1371 404 1431 Γ
426 1367 706 1452 ἀπολαμβάνουσα
733 1377 843 1452 τμῆμα
865 1370 902 1433 τὸ
927 1372 1034 1433 ΑΕΓ
1059 1371 1151 1452 δεχό-

136 1498 238 1559 μενον
262 1477 388 1557 γωνίαν
412 1475 587 1539 δοθεῖσαν·
618 1474 717 1558 λέγω,
741 1475 793 1540 ὅτι
815 1473 835 1557 ἡ
859 1480 892 1538 Α
898 1478 930 1538 Γ
949 1472 1083 1539 δέδοται
1105 1485 1151 1563 τῷ

137 1580 279 1666 μεγέθει.

204 1688 355 1771 εἰλήφθω
384 1689 447 1773 γὰρ
476 1688 513 1752 τὸ
541 1686 680 1773 κέντρον
710 1695 771 1751 τοῦ
798 1689 923 1752 κύκλου
950 1689 987 1752 τὸ
1016 1693 1064 1770 A,
1096 1685 1152 1751 καὶ

137 1792 365 1877 ἐπιζευχθεῖσα
387 1792 408 1876 ή
432 1799 498 1857 AA
520 1795 650 1878 διήχθω
678 1791 732 1857 ἐπὶ
754 1794 792 1857 τὸ
815 1798 859 1876 Ε,
886 1791 942 1857 καὶ
966 1792 1151 1877 ἐπεζεύχθω

8 1952 13 1962 ,
85 1899 157 1981 15ή
187 1903 260 1964 ΓΕ·
293 1901 433 1965 δοθεῖσα
465 1902 529 1986 ἀρα
558 1898 648 1964 ἐστὶν
680 1898 700 1982 ἡ
727 1898 793 1963 ὑπὸ
821 1909 889 1963 τῶν
916 1903 1029 1964 ΑΓΕ·
1063 1899 1151 1985 ὀρθή

138 2006 216 2092 γάρ·
240 2009 308 2071 ἔστι
332 2003 369 2070 δὲ
390 2004 447 2094 καὶ
469 2007 489 2090 ή
510 2006 575 2070 ὑπὸ
594 2008 700 2070 ΑΕΓ
718 2006 871 2070 δοθεῖσα·
894 2003 950 2069 καὶ
968 2007 1067 2089 λοιπή
1087 2007 1152 2091 ἀρα

138 2112 159 2194 ή
181 2112 247 2177 ὑπὸ
266 2124 334 2177 τῶν
350 2116 446 2177 ΓΑΕ
467 2112 607 2176 δοθεῖσά
625 2111 729 2176 ἐστιν·
754 2109 886 2175 δέδοται
909 2112 974 2196 ἀρα
996 2112 1033 2175 τὸ
1052 2115 1155 2176 ΑΓΕ

139 2221 304 2304 τρίγωνον
327 2229 372 2306 τῷ
396 2219 490 2282 εῖδει·
513 2220 611 2299 λόγος
634 2219 699 2303 ἀρα
722 2215 790 2281 ἐστὶ
813 2225 871 2299 ιής
894 2220 963 2280 ΑΕ
983 2218 1067 2301 πρὸς
1090 2218 1152 2300 τήν

140 2328 212 2388 ΑΓ
230 2326 353 2389 δοθεί.
399 2325 539 2388 δοθεῖσα
552 2320 599 2414 ,δὲ
622 2321 642 2405 ἡ
665 2328 733 2386 ΕΑ
755 2332 801 2410 τῷ
825 2321 974 2406 μεγέθει,
1005 2320 1076 2387 ἐπεὶ
1098 2321 1155 2387 καλ

84 2446 120 2494 20
139 2429 156 2494 ὁ
176 2430 296 2505 κύκλος
314 2428 447 2494 δέδοται
465 2437 511 2516 τῷ
530 2427 677 2512 μεγέθει·
701 2430 840 2494 δοθεῖσα
859 2430 923 2513 ἀρα
943 2427 1033 2492 ἐστὶν
1051 2428 1072 2510 ἡ
1088 2433 1160 2494 ΑΓ

138 2544 184 2621 τῷ
208 2534 349 2619 μεγέθει.

138 2661 351 2669 ------

211 2733 234 2780 1.
258 2734 307 2795 τῆς
331 2757 364 2766 -
384 2732 408 2780 2.
434 2727 498 2798 BA]
526 2724 598 2778 mihi
625 2725 778 2779 admodum
805 2728 943 2794 suspecta.
1036 2730 1060 2779 1.
1088 2724 1154 2798 γάρ]

140 2814 192 2851 om.
212 2816 237 2851 v.
318 2803 342 2851 2.
366 2798 435 2850 Post
459 2802 511 2851 BA
535 2797 598 2851 add.
625 2793 737 2851 δέδοται
762 2795 818 2864 ἀρα
841 2797 889 2851 καὶ
911 2795 929 2865 ή
954 2801 1010 2850 ΒΓ
1028 2796 1153 2851 PVat.v.

176 2874 200 2922 3.
224 2869 242 2938 ἡ
263 2869 296 2939 Β]
320 2868 441 2938 ήΑΒΓ
457 2869 521 2922 Vah.
544 2871 639 2936 (supra
658 2884 708 2921 sor.
727 2867 783 2921 ύπό
802 2885 837 2921 m.
858 2871 893 2936 2),
912 2867 930 2936 ή
949 2867 1005 2920 ὑπὸ
1024 2871 1109 2920 ΑΒΓ
1128 2886 1154 2922 v.

174 2946 199 2993 4.
218 2942 285 3010 τῶν]
303 2947 353 3009 τῆς
370 2940 397 2994 b.
454 2940 515 3007 Soq.
531 2939 608 3007 apud
621 2937 759 2991 Hardium
775 2940 805 2991 et
818 2937 984 3007 Gregorium
997 2938 1155 3006 propositio

138 3010 202 3080 illa,
232 3011 266 3064 de
290 3027 346 3078 qua
369 3008 429 3062 dixi
452 3010 490 3063 ad
512 3028 538 3078 p.
560 3014 684 3077 168,11.
781 3014 805 3062 5.
829 3009 888 3133 2³3¹)
910 3009 961 3078 κη’
982 3009 1056 3078 νεῖ,
1076 3008 1154 3077 edd.;

138 3082 188 3141 πς’
209 3082 236 3135 b.
319 3087 343 3135 9.
363 3079 428 3152 γάρ]
448 3099 501 3136 om.
521 3081 548 3135 b.
631 3077 796 3149 δεδομένον]
821 3081 869 3150 δεχ
888 3097 973 3148 μενον
992 3079 1019 3133 b.
1093 3079 1155 3150 τόν]

139 3170 207 3207 corr.
228 3169 262 3206 ox
280 3162 335 3207 τῶν
358 3170 393 3206 m.
415 3158 430 3204 2
449 3170 479 3221 v,
507 3151 539 3205 τό
557 3150 584 3205 b.
672 3156 713 3204 10.
738 3149 915 3221 ἀπολαμβαύ
939 3151 966 3204 b.
1053 3151 1155 3222 ΑΕΓ]

139 3227 223 3277 ΑΒΓ
237 3224 263 3278 b.
320 3228 362 3276 11.
385 3219 510 3294 δέδοται]
530 3219 761 3276 δοθεῖσάέσιιλ).
817 3226 859 3275 13.
879 3219 944 3292 γάρ]
965 3238 1018 3275 om.
1029 3221 1055 3276 b.
1113 3227 1154 3275 15.

140 3297 259 3349 δοθεῖσα
278 3294 334 3363 ἀρα
354 3291 440 3365 ἐστίν]
463 3293 523 3347 ἐπεὶ
542 3291 662 3347 δοθεῖσά
681 3292 737 3346 ἐστι
755 3292 782 3346 b.
873 3293 940 3364 τῶν]
959 3291 1012 3360 τήν
1030 3292 1063 3362 b,
1086 3292 1157 3346 item

138 3364 187 3417 lin.
209 3371 249 3419 17.
314 3371 355 3419 16.
378 3363 663 3434 ydossoquatJb.
727 3363 780 3432 τήν
798 3367 885 3417 ΑΕΓ
898 3363 925 3417 b.
989 3368 1031 3417 17.
1055 3364 1155 3435 ΑΓΕ]

141 3436 257 3489 ελσε).
314 3440 356 3489 ιε.
375 3444 424 3504 τῆς
450 3436 540 3489 woh.
596 3435 848 3506 AE]EAVat.v.
914 3439 955 3488 19.
976 3434 1041 3505 EA]
1060 3433 1154 3488 Λευ.

176 3505 236 3558 ἐπεὶ
255 3504 319 3576 καί]
340 3438 438 3574 ἐπειδή
456 3507 482 3560 b.
556 3511 599 3561 20.
619 3502 745 3576 μεγέθει]
765 3504 795 3558 in
813 3505 867 3559 hoo
885 3505 983 3560 vocab.
1004 3503 1111 3559 desinit
1128 3504 1156 3558 b.
