<?xml version="1.0" encoding="UTF-8"?>
<!DOCTYPE html PUBLIC "-//W3C//DTD XHTML 1.0 Transitional//EN"
    "http://www.w3.org/TR/xhtml1/DTD/xhtml1-transitional.dtd">
<html xmlns="http://www.w3.org/1999/xhtml" xml:lang="en" lang="en">
 <head>
  <title>
</title>
<meta http-equiv="Content-Type" content="text/html;charset=utf-8" />
  <meta name='ocr-system' content='tesseract 3.04.00' />
  <meta name='ocr-capabilities' content='ocr_page ocr_carea ocr_par ocr_line ocrx_word'/>
</head>
<body>
  <div class='ocr_page' id='page_1' title='image "./euclidisoperaom05unkngoog_0309.png"; bbox 0 0 2400 3840; ppageno 0'>
   <div class='ocr_carea' id='block_1_1' title="bbox 93 821 1193 2813">
    <p class='ocr_par' dir='ltr' id='par_1_1' title="bbox 93 821 1105 1119">
     <span class='ocr_line' id='line_1_1' title="bbox 159 821 1104 908; baseline 0.005 -24"><span class='ocrx_word' id='word_1_1' title='bbox 159 821 305 885; x_wconf 87' lang='lat' dir='ltr'>Primum</span> <span class='ocrx_word' id='word_1_2' title='bbox 328 823 536 887; x_wconf 87' lang='lat' dir='ltr'>statuendum</span> <span class='ocrx_word' id='word_1_3' title='bbox 560 829 623 908; x_wconf 85' lang='lat' dir='ltr'>est,</span> <span class='ocrx_word' id='word_1_4' title='bbox 651 824 780 887; x_wconf 89' lang='lat' dir='ltr'>datum</span> <span class='ocrx_word' id='word_1_5' title='bbox 804 825 882 907; x_wconf 92' lang='lat' dir='ltr'>quid</span> <span class='ocrx_word' id='word_1_6' title='bbox 906 825 962 908; x_wconf 81' lang='lat' dir='ltr'>sit3</span> <span class='ocrx_word' id='word_1_7' title='bbox 990 826 1104 890; x_wconf 88' lang='lat' dir='ltr'>deinde</span> 
     </span>
     <span class='ocr_line' id='line_1_2' title="bbox 93 928 1105 1012; baseline 0.004 -21"><span class='ocrx_word' id='word_1_8' title='bbox 93 928 277 1010; x_wconf 79' lang='lat' dir='ltr'>dicendum,</span> <span class='ocrx_word' id='word_1_9' title='bbox 306 950 387 1010; x_wconf 90' lang='lat' dir='ltr'>quae</span> <span class='ocrx_word' id='word_1_10' title='bbox 411 928 537 992; x_wconf 88' lang='lat' dir='ltr'>utilitas</span> <span class='ocrx_word' id='word_1_11' title='bbox 562 930 605 993; x_wconf 89' lang='lat' dir='ltr'>sit</span> <span class='ocrx_word' id='word_1_12' title='bbox 628 929 859 1012; x_wconf 83' lang='lat' dir='ltr'>disputationis</span> <span class='ocrx_word' id='word_1_13' title='bbox 883 931 921 994; x_wconf 89' lang='lat' dir='ltr'>de</span> <span class='ocrx_word' id='word_1_14' title='bbox 945 931 1034 995; x_wconf 88' lang='lat' dir='ltr'>dato</span> <span class='ocrx_word' id='word_1_15' title='bbox 1057 931 1105 994; x_wconf 90' lang='lat' dir='ltr'>in·</span> 
     </span>
     <span class='ocr_line' id='line_1_3' title="bbox 95 1034 943 1119; baseline 0.005 -23"><span class='ocrx_word' id='word_1_16' title='bbox 95 1034 240 1118; x_wconf 76' lang='lat' dir='ltr'>stitutae5</span> <span class='ocrx_word' id='word_1_17' title='bbox 265 1035 378 1119; x_wconf 83' lang='lat' dir='ltr'>tertio,</span> <span class='ocrx_word' id='word_1_18' title='bbox 400 1035 441 1097; x_wconf 86' lang='lat' dir='ltr'>ad</span> <span class='ocrx_word' id='word_1_19' title='bbox 465 1057 562 1119; x_wconf 87' lang='lat' dir='ltr'>quam</span> <span class='ocrx_word' id='word_1_20' title='bbox 585 1035 755 1099; x_wconf 90' lang='lat' dir='ltr'>scientiam</span> <span class='ocrx_word' id='word_1_21' title='bbox 777 1035 943 1101; x_wconf 86' lang='lat' dir='ltr'>referatur.</span> 
     </span>
    </p>

    <p class='ocr_par' dir='ltr' id='par_1_2' title="bbox 93 1139 1193 2813">
     <span class='ocr_line' id='line_1_4' title="bbox 160 1139 1106 1227; baseline 0.004 -25"><span class='ocrx_word' id='word_1_22' title='bbox 160 1139 317 1203; x_wconf 89' lang='lat' dir='ltr'>definiunt</span> <span class='ocrx_word' id='word_1_23' title='bbox 338 1139 442 1224; x_wconf 84' lang='lat' dir='ltr'>igitur</span> <span class='ocrx_word' id='word_1_24' title='bbox 465 1142 593 1205; x_wconf 88' lang='lat' dir='ltr'>datum</span> <span class='ocrx_word' id='word_1_25' title='bbox 617 1141 729 1205; x_wconf 88' lang='lat' dir='ltr'>multis</span> <span class='ocrx_word' id='word_1_26' title='bbox 752 1143 866 1227; x_wconf 80' lang='lat' dir='ltr'>modis,</span> <span class='ocrx_word' id='word_1_27' title='bbox 890 1148 986 1227; x_wconf 88' lang='lat' dir='ltr'>atque</span> <span class='ocrx_word' id='word_1_28' title='bbox 1011 1143 1106 1207; x_wconf 89' lang='lat' dir='ltr'>aliter</span> 
     </span>
     <span class='ocr_line' id='line_1_5' title="bbox 93 1244 1104 1335; baseline 0.004 -27"><span class='ocrx_word' id='word_1_29' title='bbox 93 1246 303 1330; x_wconf 82' lang='lat' dir='ltr'>uetustiores,</span> <span class='ocrx_word' id='word_1_30' title='bbox 330 1244 425 1309; x_wconf 87' lang='lat' dir='ltr'>aliter</span> <span class='ocrx_word' id='word_1_31' title='bbox 452 1247 656 1312; x_wconf 74' lang='lat' dir='ltr'>recentiores.</span> <span class='ocrx_word' id='word_1_32' title='bbox 704 1270 801 1330; x_wconf 90' lang='lat' dir='ltr'>quare</span> <span class='ocrx_word' id='word_1_33' title='bbox 829 1249 1040 1335; x_wconf 78' lang='lat' dir='ltr'>factumest,</span> <span class='ocrx_word' id='word_1_34' title='bbox 1067 1255 1104 1314; x_wconf 95' lang='lat' dir='ltr'>ut</span> 
     </span>
     <span class='ocr_line' id='line_1_6' title="bbox 93 1350 1103 1438; baseline 0.006 -24"><span class='ocrx_word' id='word_1_35' title='bbox 93 1350 235 1415; x_wconf 84' lang='lat' dir='ltr'>difficilis</span> <span class='ocrx_word' id='word_1_36' title='bbox 268 1357 353 1416; x_wconf 89' lang='lat' dir='ltr'>esset</span> <span class='ocrx_word' id='word_1_37' title='bbox 385 1375 463 1416; x_wconf 90' lang='lat' dir='ltr'>uera</span> <span class='ocrx_word' id='word_1_38' title='bbox 495 1352 563 1416; x_wconf 89' lang='lat' dir='ltr'>eius</span> <span class='ocrx_word' id='word_1_39' title='bbox 596 1353 779 1435; x_wconf 83' lang='lat' dir='ltr'>explicatio</span> <span class='ocrx_word' id='word_1_40' title='bbox 834 1377 872 1418; x_wconf 92' lang='lat' dir='ltr'>ac</span> <span class='ocrx_word' id='word_1_41' title='bbox 905 1356 1036 1438; x_wconf 89' lang='lat' dir='ltr'>quidam</span> <span class='ocrx_word' id='word_1_42' title='bbox 1063 1378 1103 1419; x_wconf 92' lang='lat' dir='ltr'>ne</span> 
     </span>
     <span class='ocr_line' id='line_1_7' title="bbox 94 1457 1105 1544; baseline 0.005 -25"><span class='ocrx_word' id='word_1_43' title='bbox 94 1457 314 1522; x_wconf 86' lang='lat' dir='ltr'>definitionem</span> <span class='ocrx_word' id='word_1_44' title='bbox 347 1459 476 1543; x_wconf 91' lang='lat' dir='ltr'>quidem</span> <span class='ocrx_word' id='word_1_45' title='bbox 505 1460 574 1522; x_wconf 85' lang='lat' dir='ltr'>eius</span> <span class='ocrx_word' id='word_1_46' title='bbox 602 1459 819 1543; x_wconf 77' lang='lat' dir='ltr'>tradiderunt,</span> <span class='ocrx_word' id='word_1_47' title='bbox 854 1461 909 1523; x_wconf 89' lang='lat' dir='ltr'>sed</span> <span class='ocrx_word' id='word_1_48' title='bbox 936 1461 1105 1544; x_wconf 89' lang='lat' dir='ltr'>proprium</span> 
     </span>
     <span class='ocr_line' id='line_1_8' title="bbox 95 1563 1193 1650; baseline 0.005 -26"><span class='ocrx_word' id='word_1_49' title='bbox 95 1563 216 1646; x_wconf 87' lang='lat' dir='ltr'>aliquid</span> <span class='ocrx_word' id='word_1_50' title='bbox 239 1563 319 1628; x_wconf 85' lang='lat' dir='ltr'>dati</span> <span class='ocrx_word' id='word_1_51' title='bbox 343 1564 488 1629; x_wconf 88' lang='lat' dir='ltr'>inuenire</span> <span class='ocrx_word' id='word_1_52' title='bbox 512 1568 733 1650; x_wconf 80' lang='lat' dir='ltr'>tentauerunt3</span> <span class='ocrx_word' id='word_1_53' title='bbox 757 1565 813 1628; x_wconf 86' lang='lat' dir='ltr'>alii</span> <span class='ocrx_word' id='word_1_54' title='bbox 833 1571 942 1629; x_wconf 89' lang='lat' dir='ltr'>autem</span> <span class='ocrx_word' id='word_1_55' title='bbox 964 1566 1031 1630; x_wconf 87' lang='lat' dir='ltr'>iam</span> <span class='ocrx_word' id='word_1_56' title='bbox 1054 1566 1103 1650; x_wconf 82' lang='lat' dir='ltr'>iis,</span> <span class='ocrx_word' id='word_1_57' title='bbox 1188 1640 1193 1647; x_wconf 26' lang='grc' dir='ltr'>ι</span> 
     </span>
     <span class='ocr_line' id='line_1_9' title="bbox 94 1669 1104 1753; baseline 0.002 -22"><span class='ocrx_word' id='word_1_58' title='bbox 94 1690 174 1751; x_wconf 88' lang='lat' dir='ltr'>quae</span> <span class='ocrx_word' id='word_1_59' title='bbox 199 1670 239 1732; x_wconf 90' lang='lat' dir='ltr'>ab</span> <span class='ocrx_word' id='word_1_60' title='bbox 262 1669 329 1733; x_wconf 89' lang='lat' dir='ltr'>illis</span> <span class='ocrx_word' id='word_1_61' title='bbox 353 1669 543 1753; x_wconf 84' lang='lat' dir='ltr'>dictasunt,</span> <span class='ocrx_word' id='word_1_62' title='bbox 567 1669 727 1734; x_wconf 78' lang='lat' dir='ltr'>contextis</span> <span class='ocrx_word' id='word_1_63' title='bbox 745 1669 827 1734; x_wconf 91' lang='lat' dir='ltr'>illud</span> <span class='ocrx_word' id='word_1_64' title='bbox 845 1669 977 1734; x_wconf 90' lang='lat' dir='ltr'>definire</span> <span class='ocrx_word' id='word_1_65' title='bbox 997 1671 1104 1735; x_wconf 89' lang='lat' dir='ltr'>conati</span> 
     </span>
     <span class='ocr_line' id='line_1_10' title="bbox 94 1776 1105 1860; baseline 0.002 -22"><span class='ocrx_word' id='word_1_66' title='bbox 94 1779 179 1858; x_wconf 78' lang='lat' dir='ltr'>sunt,</span> <span class='ocrx_word' id='word_1_67' title='bbox 202 1798 239 1840; x_wconf 93' lang='lat' dir='ltr'>ac</span> <span class='ocrx_word' id='word_1_68' title='bbox 261 1797 302 1839; x_wconf 92' lang='lat' dir='ltr'>ne</span> <span class='ocrx_word' id='word_1_69' title='bbox 324 1776 360 1839; x_wconf 93' lang='lat' dir='ltr'>hi</span> <span class='ocrx_word' id='word_1_70' title='bbox 384 1777 513 1859; x_wconf 88' lang='lat' dir='ltr'>quidem</span> <span class='ocrx_word' id='word_1_71' title='bbox 536 1776 765 1840; x_wconf 87' lang='lat' dir='ltr'>conuenienter</span> <span class='ocrx_word' id='word_1_72' title='bbox 788 1776 851 1840; x_wconf 89' lang='lat' dir='ltr'>sibi</span> <span class='ocrx_word' id='word_1_73' title='bbox 869 1777 959 1860; x_wconf 88' lang='lat' dir='ltr'>ipsis.</span> <span class='ocrx_word' id='word_1_74' title='bbox 996 1776 1105 1840; x_wconf 89' lang='lat' dir='ltr'>uiden·</span> 
     </span>
     <span class='ocr_line' id='line_1_11' title="bbox 93 1882 1103 1966; baseline 0.002 -22"><span class='ocrx_word' id='word_1_75' title='bbox 93 1885 148 1944; x_wconf 85' lang='lat' dir='ltr'>tur</span> <span class='ocrx_word' id='word_1_76' title='bbox 171 1886 279 1946; x_wconf 88' lang='lat' dir='ltr'>autem</span> <span class='ocrx_word' id='word_1_77' title='bbox 299 1903 409 1946; x_wconf 88' lang='lat' dir='ltr'>omnes</span> <span class='ocrx_word' id='word_1_78' title='bbox 429 1883 469 1946; x_wconf 91' lang='lat' dir='ltr'>ab</span> <span class='ocrx_word' id='word_1_79' title='bbox 488 1905 553 1946; x_wconf 88' lang='lat' dir='ltr'>una</span> <span class='ocrx_word' id='word_1_80' title='bbox 571 1886 667 1966; x_wconf 90' lang='lat' dir='ltr'>atque</span> <span class='ocrx_word' id='word_1_81' title='bbox 688 1883 799 1946; x_wconf 87' lang='lat' dir='ltr'>eadem</span> <span class='ocrx_word' id='word_1_82' title='bbox 817 1882 950 1946; x_wconf 87' lang='lat' dir='ltr'>notione</span> <span class='ocrx_word' id='word_1_83' title='bbox 969 1886 1002 1945; x_wconf 89' lang='lat' dir='ltr'>et</span> <span class='ocrx_word' id='word_1_84' title='bbox 1021 1905 1103 1947; x_wconf 92' lang='lat' dir='ltr'>com-</span> 
     </span>
     <span class='ocr_line' id='line_1_12' title="bbox 94 1986 1105 2072; baseline 0.003 -24"><span class='ocrx_word' id='word_1_85' title='bbox 94 1986 307 2068; x_wconf 88' lang='lat' dir='ltr'>prehensione</span> <span class='ocrx_word' id='word_1_86' title='bbox 326 1987 465 2071; x_wconf 88' lang='lat' dir='ltr'>profecti</span> <span class='ocrx_word' id='word_1_87' title='bbox 489 1987 612 2071; x_wconf 87' lang='lat' dir='ltr'>aliquid</span> <span class='ocrx_word' id='word_1_88' title='bbox 630 1989 668 2051; x_wconf 91' lang='lat' dir='ltr'>de</span> <span class='ocrx_word' id='word_1_89' title='bbox 688 2009 726 2051; x_wconf 86' lang='lat' dir='ltr'>eo</span> <span class='ocrx_word' id='word_1_90' title='bbox 746 1987 859 2052; x_wconf 80' lang='lat' dir='ltr'>dicere.</span> <span class='ocrx_word' id='word_1_91' title='bbox 898 1988 1105 2072; x_wconf 91' lang='lat' dir='ltr'>comprehen-</span> 
     </span>
     <span class='ocr_line' id='line_1_13' title="bbox 94 2092 1105 2178; baseline 0.003 -24"><span class='ocrx_word' id='word_1_92' title='bbox 94 2092 187 2156; x_wconf 86' lang='lat' dir='ltr'>sibile</span> <span class='ocrx_word' id='word_1_93' title='bbox 202 2093 288 2157; x_wconf 92' lang='lat' dir='ltr'>enim</span> <span class='ocrx_word' id='word_1_94' title='bbox 303 2094 425 2176; x_wconf 89' lang='lat' dir='ltr'>aliquid</span> <span class='ocrx_word' id='word_1_95' title='bbox 440 2094 569 2158; x_wconf 89' lang='lat' dir='ltr'>datum</span> <span class='ocrx_word' id='word_1_96' title='bbox 583 2116 652 2158; x_wconf 85' lang='lat' dir='ltr'>esse</span> <span class='ocrx_word' id='word_1_97' title='bbox 667 2098 873 2178; x_wconf 86' lang='lat' dir='ltr'>putauerunt.</span> <span class='ocrx_word' id='word_1_98' title='bbox 895 2095 1105 2177; x_wconf 87' lang='lat' dir='ltr'>quamobrem</span> 
     </span>
     <span class='ocr_line' id='line_1_14' title="bbox 93 2197 1103 2282; baseline 0.001 -21"><span class='ocrx_word' id='word_1_99' title='bbox 93 2219 213 2282; x_wconf 84' lang='lat' dir='ltr'>eorum,</span> <span class='ocrx_word' id='word_1_100' title='bbox 233 2199 289 2282; x_wconf 93' lang='lat' dir='ltr'>qui</span> <span class='ocrx_word' id='word_1_101' title='bbox 308 2201 437 2263; x_wconf 87' lang='lat' dir='ltr'>datum</span> <span class='ocrx_word' id='word_1_102' title='bbox 456 2200 635 2282; x_wconf 78' lang='lat' dir='ltr'>simplicius</span> <span class='ocrx_word' id='word_1_103' title='bbox 655 2204 688 2264; x_wconf 92' lang='lat' dir='ltr'>et</span> <span class='ocrx_word' id='word_1_104' title='bbox 706 2221 771 2263; x_wconf 92' lang='lat' dir='ltr'>uno</span> <span class='ocrx_word' id='word_1_105' title='bbox 791 2199 899 2282; x_wconf 91' lang='lat' dir='ltr'>aliquo</span> <span class='ocrx_word' id='word_1_106' title='bbox 919 2197 1103 2264; x_wconf 88' lang='lat' dir='ltr'>discrimine</span> 
     </span>
     <span class='ocr_line' id='line_1_15' title="bbox 95 2304 1104 2390; baseline 0.001 -23"><span class='ocrx_word' id='word_1_107' title='bbox 95 2304 358 2369; x_wconf 86' lang='lat' dir='ltr'>circumscribere</span> <span class='ocrx_word' id='word_1_108' title='bbox 387 2305 450 2369; x_wconf 89' lang='lat' dir='ltr'>sibi</span> <span class='ocrx_word' id='word_1_109' title='bbox 473 2309 726 2390; x_wconf 89' lang='lat' dir='ltr'>proposuerunt,</span> <span class='ocrx_word' id='word_1_110' title='bbox 755 2304 823 2390; x_wconf 83' lang='lat' dir='ltr'>alii,</span> <span class='ocrx_word' id='word_1_111' title='bbox 850 2309 887 2368; x_wconf 94' lang='lat' dir='ltr'>ut</span> <span class='ocrx_word' id='word_1_112' title='bbox 909 2304 1104 2389; x_wconf 86' lang='lat' dir='ltr'>Apollonius</span> 
     </span>
     <span class='ocr_line' id='line_1_16' title="bbox 93 2410 1106 2496; baseline 0.001 -23"><span class='ocrx_word' id='word_1_113' title='bbox 93 2410 128 2473; x_wconf 94' lang='lat' dir='ltr'>in</span> <span class='ocrx_word' id='word_1_114' title='bbox 150 2410 234 2474; x_wconf 91' lang='lat' dir='ltr'>libro</span> <span class='ocrx_word' id='word_1_115' title='bbox 259 2412 296 2475; x_wconf 91' lang='lat' dir='ltr'>de</span> <span class='ocrx_word' id='word_1_116' title='bbox 320 2410 585 2475; x_wconf 85' lang='lat' dir='ltr'>inclinationibus</span> <span class='ocrx_word' id='word_1_117' title='bbox 610 2415 642 2476; x_wconf 85' lang='lat' dir='ltr'>et</span> <span class='ocrx_word' id='word_1_118' title='bbox 660 2411 695 2474; x_wconf 91' lang='lat' dir='ltr'>in</span> <span class='ocrx_word' id='word_1_119' title='bbox 715 2410 857 2496; x_wconf 83' lang='lat' dir='ltr'>generali</span> <span class='ocrx_word' id='word_1_120' title='bbox 876 2411 1106 2496; x_wconf 79' lang='lat' dir='ltr'>disputatione,</span> 
     </span>
     <span class='ocr_line' id='line_1_17' title="bbox 93 2514 1106 2602; baseline 0.003 -24"><span class='ocrx_word' id='word_1_121' title='bbox 93 2514 135 2594; x_wconf 87' lang='lat' dir='ltr'>id,</span> <span class='ocrx_word' id='word_1_122' title='bbox 159 2516 246 2598; x_wconf 88' lang='lat' dir='ltr'>quod</span> <span class='ocrx_word' id='word_1_123' title='bbox 269 2516 490 2580; x_wconf 84' lang='lat' dir='ltr'>ordinatum</span> <span class='ocrx_word' id='word_1_124' title='bbox 514 2522 576 2600; x_wconf 87' lang='lat' dir='ltr'>est,</span> <span class='ocrx_word' id='word_1_125' title='bbox 601 2516 669 2602; x_wconf 83' lang='lat' dir='ltr'>alii,</span> <span class='ocrx_word' id='word_1_126' title='bbox 692 2521 730 2580; x_wconf 91' lang='lat' dir='ltr'>ut</span> <span class='ocrx_word' id='word_1_127' title='bbox 753 2516 930 2602; x_wconf 82' lang='lat' dir='ltr'>Diodorus,</span> <span class='ocrx_word' id='word_1_128' title='bbox 953 2517 994 2601; x_wconf 88' lang='lat' dir='ltr'>id,</span> <span class='ocrx_word' id='word_1_129' title='bbox 1019 2517 1106 2601; x_wconf 91' lang='lat' dir='ltr'>quod</span> 
     </span>
     <span class='ocr_line' id='line_1_18' title="bbox 94 2622 1104 2704; baseline 0.002 -20"><span class='ocrx_word' id='word_1_130' title='bbox 94 2625 227 2685; x_wconf 91' lang='lat' dir='ltr'>notum</span> <span class='ocrx_word' id='word_1_131' title='bbox 250 2626 308 2704; x_wconf 87' lang='lat' dir='ltr'>est,</span> <span class='ocrx_word' id='word_1_132' title='bbox 332 2623 461 2685; x_wconf 91' lang='lat' dir='ltr'>datum</span> <span class='ocrx_word' id='word_1_133' title='bbox 484 2645 554 2686; x_wconf 88' lang='lat' dir='ltr'>esse</span> <span class='ocrx_word' id='word_1_134' title='bbox 579 2627 770 2686; x_wconf 89' lang='lat' dir='ltr'>statuerunt.</span> <span class='ocrx_word' id='word_1_135' title='bbox 818 2623 864 2687; x_wconf 89' lang='lat' dir='ltr'>sic</span> <span class='ocrx_word' id='word_1_136' title='bbox 887 2622 974 2687; x_wconf 88' lang='lat' dir='ltr'>enim</span> <span class='ocrx_word' id='word_1_137' title='bbox 996 2624 1104 2687; x_wconf 91' lang='lat' dir='ltr'>radios</span> 
     </span>
     <span class='ocr_line' id='line_1_19' title="bbox 94 2727 1106 2813; baseline 0.001 -23"><span class='ocrx_word' id='word_1_138' title='bbox 94 2731 127 2790; x_wconf 90' lang='lat' dir='ltr'>et</span> <span class='ocrx_word' id='word_1_139' title='bbox 145 2728 282 2813; x_wconf 82' lang='lat' dir='ltr'>angulos</span> <span class='ocrx_word' id='word_1_140' title='bbox 306 2728 417 2792; x_wconf 88' lang='lat' dir='ltr'>datos</span> <span class='ocrx_word' id='word_1_141' title='bbox 441 2751 511 2792; x_wconf 85' lang='lat' dir='ltr'>esse</span> <span class='ocrx_word' id='word_1_142' title='bbox 534 2727 613 2792; x_wconf 82' lang='lat' dir='ltr'>dicit</span> <span class='ocrx_word' id='word_1_143' title='bbox 637 2733 669 2792; x_wconf 93' lang='lat' dir='ltr'>et</span> <span class='ocrx_word' id='word_1_144' title='bbox 693 2728 917 2811; x_wconf 87' lang='lat' dir='ltr'>quodcumque</span> <span class='ocrx_word' id='word_1_145' title='bbox 940 2729 975 2791; x_wconf 92' lang='lat' dir='ltr'>in</span> <span class='ocrx_word' id='word_1_146' title='bbox 998 2727 1106 2812; x_wconf 78' lang='lat' dir='ltr'>cogni-</span> 
     </span>
    </p>
   </div>
   <div class='ocr_carea' id='block_1_2' title="bbox 93 2823 1106 3233">
    <p class='ocr_par' dir='ltr' id='par_1_3' title="bbox 93 2823 1106 3233">
     <span class='ocr_line' id='line_1_20' title="bbox 93 2823 1106 2917; baseline 0.001 -23"><span class='ocrx_word' id='word_1_147' title='bbox 93 2832 216 2897; x_wconf 89' lang='lat' dir='ltr'>tionem</span> <span class='ocrx_word' id='word_1_148' title='bbox 240 2833 382 2916; x_wconf 92' lang='lat' dir='ltr'>aliquam</span> <span class='ocrx_word' id='word_1_149' title='bbox 405 2833 505 2917; x_wconf 79' lang='lat' dir='ltr'>uenit,</span> <span class='ocrx_word' id='word_1_150' title='bbox 527 2832 656 2896; x_wconf 88' lang='lat' dir='ltr'>etiamsi</span> <span class='ocrx_word' id='word_1_151' title='bbox 679 2833 837 2896; x_wconf 82' lang='lat' dir='ltr'>rationale</span> <span class='ocrx_word' id='word_1_152' title='bbox 855 2854 922 2896; x_wconf 87' lang='lat' dir='ltr'>non</span> <span class='ocrx_word' id='word_1_153' title='bbox 941 2823 992 2896; x_wconf 87' lang='lat' dir='ltr'>sit.</span> <span class='ocrx_word' id='word_1_154' title='bbox 1027 2854 1106 2896; x_wconf 87' lang='lat' dir='ltr'>non-</span> 
     </span>
     <span class='ocr_line' id='line_1_21' title="bbox 94 2938 1105 3019; baseline -0.001 -18"><span class='ocrx_word' id='word_1_155' title='bbox 94 2939 175 3001; x_wconf 87' lang='lat' dir='ltr'>nulli</span> <span class='ocrx_word' id='word_1_156' title='bbox 203 2943 312 3002; x_wconf 91' lang='lat' dir='ltr'>autem</span> <span class='ocrx_word' id='word_1_157' title='bbox 345 2939 539 3003; x_wconf 82' lang='lat' dir='ltr'>rationale</span> <span class='ocrx_word' id='word_1_158' title='bbox 571 2938 652 3001; x_wconf 92' lang='lat' dir='ltr'>illud</span> <span class='ocrx_word' id='word_1_159' title='bbox 679 2959 749 3002; x_wconf 90' lang='lat' dir='ltr'>esse</span> <span class='ocrx_word' id='word_1_160' title='bbox 778 2938 1036 3019; x_wconf 87' lang='lat' dir='ltr'>affirmauerunt,</span> <span class='ocrx_word' id='word_1_161' title='bbox 1068 2942 1105 3001; x_wconf 93' lang='lat' dir='ltr'>ut</span> 
     </span>
     <span class='ocr_line' id='line_1_22' title="bbox 95 3042 1106 3128; baseline -0.002 -21"><span class='ocrx_word' id='word_1_162' title='bbox 95 3042 224 3108; x_wconf 88' lang='lat' dir='ltr'>uidetur</span> <span class='ocrx_word' id='word_1_163' title='bbox 241 3044 456 3128; x_wconf 69' lang='lat' dir='ltr'>Ptolemaeus</span> <span class='ocrx_word' id='word_1_164' title='bbox 480 3046 568 3108; x_wconf 89' lang='lat' dir='ltr'>data</span> <span class='ocrx_word' id='word_1_165' title='bbox 585 3043 758 3107; x_wconf 89' lang='lat' dir='ltr'>nominans</span> <span class='ocrx_word' id='word_1_166' title='bbox 776 3043 842 3125; x_wconf 87' lang='lat' dir='ltr'>illa,</span> <span class='ocrx_word' id='word_1_167' title='bbox 866 3064 1003 3126; x_wconf 90' lang='lat' dir='ltr'>quorum</span> <span class='ocrx_word' id='word_1_168' title='bbox 1020 3065 1106 3106; x_wconf 92' lang='lat' dir='ltr'>men-</span> 
     </span>
     <span class='ocr_line' id='line_1_23' title="bbox 96 3148 1106 3233; baseline -0.001 -20"><span class='ocrx_word' id='word_1_169' title='bbox 96 3172 171 3214; x_wconf 92' lang='lat' dir='ltr'>sura</span> <span class='ocrx_word' id='word_1_170' title='bbox 197 3155 277 3214; x_wconf 85' lang='lat' dir='ltr'>nota</span> <span class='ocrx_word' id='word_1_171' title='bbox 304 3155 354 3214; x_wconf 91' lang='lat' dir='ltr'>est</span> <span class='ocrx_word' id='word_1_172' title='bbox 384 3151 436 3214; x_wconf 94' lang='lat' dir='ltr'>uel</span> <span class='ocrx_word' id='word_1_173' title='bbox 463 3173 596 3233; x_wconf 89' lang='lat' dir='ltr'>prorsus</span> <span class='ocrx_word' id='word_1_174' title='bbox 624 3150 678 3213; x_wconf 89' lang='lat' dir='ltr'>uel</span> <span class='ocrx_word' id='word_1_175' title='bbox 704 3150 859 3233; x_wconf 87' lang='lat' dir='ltr'>proxime.</span> <span class='ocrx_word' id='word_1_176' title='bbox 915 3153 947 3212; x_wconf 91' lang='lat' dir='ltr'>et</span> <span class='ocrx_word' id='word_1_177' title='bbox 975 3148 1106 3231; x_wconf 89' lang='lat' dir='ltr'>quidam</span> 
     </span>
    </p>
   </div>
   <div class='ocr_carea' id='block_1_3' title="bbox 130 3339 1104 3484">
    <p class='ocr_par' dir='ltr' id='par_1_4' title="bbox 130 3339 1104 3484">
     <span class='ocr_line' id='line_1_24' title="bbox 130 3339 1104 3415; baseline 0.002 -21"><span class='ocrx_word' id='word_1_178' title='bbox 130 3347 153 3396; x_wconf 88' lang='grc'>9.</span> <span class='ocrx_word' id='word_1_179' title='bbox 173 3339 256 3415; x_wconf 78' lang='grc' dir='ltr'>παρ’]</span> <span class='ocrx_word' id='word_1_180' title='bbox 276 3340 338 3410; x_wconf 77' lang='grc' dir='ltr'>περ’</span> <span class='ocrx_word' id='word_1_181' title='bbox 356 3360 381 3396; x_wconf 82' lang='lat' dir='ltr'>v.</span> <span class='ocrx_word' id='word_1_182' title='bbox 455 3348 495 3397; x_wconf 86' lang='lat'>13.</span> <span class='ocrx_word' id='word_1_183' title='bbox 517 3342 573 3413; x_wconf 79' lang='grc' dir='ltr'>διό]</span> <span class='ocrx_word' id='word_1_184' title='bbox 593 3344 638 3396; x_wconf 74' lang='grc' dir='ltr'>διο</span> <span class='ocrx_word' id='word_1_185' title='bbox 653 3362 701 3396; x_wconf 81' lang='grc' dir='ltr'>και</span> <span class='ocrx_word' id='word_1_186' title='bbox 719 3340 749 3408; x_wconf 88' lang='grc' dir='ltr'>Ρ,</span> <span class='ocrx_word' id='word_1_187' title='bbox 769 3362 818 3396; x_wconf 78' lang='grc' dir='ltr'>και</span> <span class='ocrx_word' id='word_1_188' title='bbox 835 3339 947 3410; x_wconf 82' lang='lat' dir='ltr'>punctis</span> <span class='ocrx_word' id='word_1_189' title='bbox 963 3340 1016 3395; x_wconf 88' lang='lat' dir='ltr'>del.</span> <span class='ocrx_word' id='word_1_190' title='bbox 1031 3358 1067 3395; x_wconf 90' lang='lat' dir='ltr'>m.</span> <span class='ocrx_word' id='word_1_191' title='bbox 1081 3346 1104 3396; x_wconf 93' lang='lat'>1.</span> 
     </span>
     <span class='ocr_line' id='line_1_25' title="bbox 131 3411 690 3484; baseline 0.004 -20"><span class='ocrx_word' id='word_1_192' title='bbox 131 3417 171 3467; x_wconf 82' lang='lat'>14.</span> <span class='ocrx_word' id='word_1_193' title='bbox 192 3413 392 3484; x_wconf 76' lang='grc' dir='ltr'><strong>ἁπλούστερον]</strong></span> <span class='ocrx_word' id='word_1_194' title='bbox 412 3411 607 3481; x_wconf 75' lang='grc' dir='ltr'><strong><em>ἁπλουστέρων</em></strong></span> <span class='ocrx_word' id='word_1_195' title='bbox 625 3413 690 3467; x_wconf 87' lang='lat' dir='ltr'>Vat.</span> 
     </span>
    </p>
   </div>
   <div class='ocr_carea' id='block_1_4' title="bbox 0 0 1206 3840">
    <p class='ocr_par' dir='ltr' id='par_1_5' title="bbox 0 0 1206 3840">
     <span class='ocr_line' id='line_1_26' title="bbox 0 0 1206 3840; baseline 0 0"><span class='ocrx_word' id='word_1_196' title='bbox 0 0 1206 3840; x_wconf 95' lang='lat' dir='ltr'> </span> 
     </span>
    </p>
   </div>
  </div>
 </body>
</html>
