2400 3840
532 138 736 190 ΔΕΔΟΜΕΝΑ.

612 359 658 418 μ.

194 473 270 540 Ἐὰν
293 476 459 559 τριγώνου
484 473 601 558 ἑκάστη
624 487 691 540 τῶν
714 487 847 558 γωνιῶν
870 475 1030 561 δεδομένη
1054 470 1077 563 ᾖ
1101 486 1146 564 τῳ

127 579 271 665 μεγέθει,
295 580 428 646 δέδοται
451 583 488 646 τὸ
512 584 677 667 τρίγωνον
700 592 746 670 τῳ
770 583 860 647 εῖδει.

194 688 361 773 τριγώνου
384 688 447 772 γάρ
471 695 531 752 τοῦ
551 691 656 752 ΑΒΓ
674 685 792 770 ἑκάστη
812 698 881 752 τών
898 699 1032 770 γωνιῶν
1051 690 1146 754 δεδο-

93 793 209 879 υμένη
237 798 319 859 έστω
346 803 392 882 τῳ
420 792 566 878 μεγέθει·
604 792 704 878 λέγω,
738 795 788 859 ὅτι
817 793 949 859 δέδοται
978 796 1015 859 τὸ
1045 800 1152 861 ΑΒΓ

127 904 292 986 τρίγωνον
314 911 360 987 τῳ
384 901 473 965 είδει.

195 1005 356 1072 ἐκκείσθω
385 1008 448 1092 γάρ
477 1017 516 1092 τῇ
543 1006 637 1073 θέσει
664 1005 719 1072 καὶ
746 1017 792 1095 τῷ
821 1007 955 1092 μεγέθει
982 1007 1145 1093 δεδομένη

128 1113 244 1178 εὐθεῖα
271 1113 291 1195 ἡ
314 1118 396 1195 AE,
427 1111 483 1177 καὶ
510 1114 698 1179 συνεστάτω
726 1116 809 1200 πρὸς
836 1125 876 1200 τῇ
898 1120 968 1179 AE
993 1113 1048 1179 καὶ
1078 1128 1148 1191 τοῖς

127 1220 210 1302 πρὸς
233 1219 316 1304 αὐτῇ
340 1222 487 1301 σημείοις
505 1231 574 1296 τοῖς
592 1228 636 1304 A,
650 1225 682 1284 Ε
703 1231 742 1306 τῇ
761 1217 822 1304 μὲν
840 1220 905 1285 ὑπὸ
921 1224 1017 1285 ΓΒΑ
1039 1226 1146 1308 γωνία

75 1339 109 1386 10
129 1330 183 1406 ίση
207 1329 312 1406 γωνία
335 1324 571 1410 εὐθύγραμμος
593 1325 613 1409 ἡ
636 1326 701 1391 ὑπὸ
725 1331 792 1391 ΕΛ
799 1332 841 1410 Z,
864 1336 903 1412 τῇ
927 1323 965 1390 δὲ
986 1326 1053 1392 ὑπὸ
1078 1338 1146 1392 τῶν

128 1435 228 1495 ΑΓΒ
257 1436 311 1514 ίση
339 1431 360 1515 ἡ
387 1431 452 1496 ὑπὸ
480 1442 548 1497 τῶν
570 1437 685 1497 ΔΒΖ·
722 1434 820 1515 λοιπὴ
849 1434 913 1518 άρα
940 1434 960 1516 ἡ
987 1432 1053 1497 ὑπὸ
1078 1443 1145 1497 τών

129 1541 229 1602 ΒΑΓ
246 1543 344 1623 λοιπῇ
369 1543 423 1621 ίση
447 1549 486 1623 τῇ
509 1538 574 1602 ὑπὸ
597 1549 665 1602 τών
682 1543 786 1603 ΔΖΕ
808 1537 907 1603 ἐστιν.
947 1540 1089 1603 δοθεῖσα
1108 1537 1145 1603 δὲ

128 1641 246 1727 ἑκάστη
264 1654 333 1708 τῶν
350 1645 434 1729 πρὸς
451 1655 522 1719 τοῖς
540 1651 582 1727 A,
597 1649 636 1726 B,
652 1649 696 1709 Γ·
715 1645 855 1710 δοθεῖσα
874 1647 938 1731 άρα
954 1642 1011 1709 καὶ
1025 1642 1145 1728 ἑκάστη

127 1761 194 1814 τῶν
221 1752 304 1835 πρὸς
330 1761 400 1826 τοῖς
426 1755 474 1834 A,
491 1754 536 1833 E,
556 1755 592 1815 Z.
643 1748 713 1815 ἐπεὶ
741 1747 804 1818 οὖν
826 1753 909 1837 πρὸς
931 1749 1027 1816 θέσει
1050 1753 1145 1816 δεδο-

77 1867 109 1915 15
128 1855 209 1940 μένη
238 1856 354 1943 εὐθείᾳ
380 1867 420 1942 τῇ
443 1861 512 1921 ΔΕ
537 1854 592 1920 καὶ
620 1866 665 1944 τῷ
689 1858 773 1942 πρὸς
795 1858 879 1943 αὐτῇ
902 1859 1025 1944 σημείῳ
1050 1858 1144 1922 δεδο-

127 1961 215 2050 μένῳ
243 1972 288 2050 τῷ
317 1967 350 2026 A
381 1963 497 2028 εὐθεῖα
525 1965 656 2048 γραμμὴ
687 1958 782 2047 ἦκται
813 1964 834 2047 ἡ
862 1971 895 2029 A
901 1968 928 2029 Z
961 1962 1146 2048 δεδομένην

127 2078 270 2133 ποιοῦσα
289 2071 416 2151 γωνίαν
435 2069 495 2151 την
513 2070 596 2154 πρὸς
614 2078 659 2157 τῳ
674 2075 717 2152 A,
735 2067 829 2134 θέσει
848 2071 912 2155 άρα
926 2067 1017 2134 ἐστὶν
1031 2069 1052 2153 ἡ
1067 2076 1101 2134 Δ
1107 2073 1143 2135 Ζ.

128 2176 184 2239 διδι
211 2176 251 2238 τά
280 2175 364 2239 αὐτὰ
392 2175 433 2258 δὴ
460 2172 515 2238 καὶ
543 2175 563 2258 ἡ
587 2180 650 2239 ΕΖ
681 2173 775 2240 θέσει
803 2174 906 2241 ἐστίν·
944 2172 1050 2240 δοθὲν
1080 2177 1144 2261 ἄρα

129 2279 197 2344 ἐστὶ
225 2281 262 2344 τὸ
289 2285 316 2343 Ζ
344 2291 489 2364 σημεῖον.
536 2284 604 2345 ἔστι
632 2278 669 2346 δὲ
696 2279 752 2346 καὶ
779 2279 935 2368 ἑκάτερον
962 2293 1030 2347 τῶν
1052 2287 1097 2365 A,
1112 2287 1146 2346 Β

74 2399 108 2447 20
127 2384 244 2449 δοθέν·
273 2385 412 2449 δοθεῖσα
436 2387 500 2470 ἄρα
523 2385 614 2451 ἐστίν
642 2385 759 2470 ἑκάστη
788 2398 855 2452 τών
876 2394 910 2452 Δ
917 2392 955 2471 Ζ,
977 2393 1057 2471 AE,
1080 2393 1143 2452 EZ

127 2501 166 2576 τῇ
189 2489 282 2554 θέσει
309 2488 365 2555 καὶ
392 2500 438 2579 τῷ
461 2489 608 2575 μεγέθει·
641 2491 774 2558 δέδοται
796 2494 861 2578 άρα
884 2494 921 2558 τὸ
944 2497 1050 2558 AZE
1075 2496 1144 2580 τρί-

127 2620 238 2678 γωνον
260 2605 305 2683 τῳ
330 2597 419 2661 εῖδει.
456 2599 515 2661 καί
535 2596 625 2663 ἐστιν
648 2600 764 2683 ὅμοιον
787 2608 832 2687 τῷ
853 2602 959 2664 ΑΒΓ
976 2600 1142 2686 τριγώνῳ

127 2701 259 2766 δέδοται
283 2704 347 2787 άρα
368 2700 425 2767 καὶ
447 2705 485 2767 τὸ
508 2708 614 2769 ΑΒΓ
630 2709 796 2789 τρίγωνον
818 2714 864 2793 τῷ
888 2706 978 2770 είδει.

199 3007 221 3055 1,
247 3000 291 3073 μ’]
316 3000 366 3069 μοι’
391 3000 417 3054 b.
509 3006 533 3056 ὅ.
557 2999 626 3071 λέγω
647 3033 678 3041 -
699 3008 722 3054 6.
747 2999 827 3073 είδει]
852 3018 905 3056 om.
929 3019 955 3054 v.
1049 3006 1073 3055 8.
1098 3003 1143 3072 τῇ]

126 3072 177 3140 τήν
196 3071 223 3126 b.
315 3077 339 3126 9.
363 3073 562 3197 athai’wts
580 3091 605 3141 v,
626 3088 694 3125 corr.
713 3090 749 3125 m.
770 3078 794 3126 1.
885 3077 927 3125 11.
952 3074 1044 3144 ΑΓΒ]
1070 3077 1144 3126 ΒΓΑ

127 3143 223 3197 Vat.v.
284 3142 341 3214 ίση]
361 3161 414 3198 om.
455 3186 461 3197 .
536 3149 576 3198 12.
597 3144 687 3214 ΒΑΓ]
707 3147 781 3196 ΒΓΑ
799 3143 853 3196 Pb.
915 3143 1132 3215 λοιπῇ·έστιν

126 3217 209 3286 λοιπῇ
228 3223 261 3286 τῇ
280 3214 335 3269 ὑπὸ
353 3223 409 3269 τῶν
428 3219 502 3268 ΒΓΑ
527 3213 571 3283 ίοη
590 3215 607 3284 ὴ
627 3213 681 3268 ὑπὸ
700 3223 756 3268 τῶν
775 3217 860 3268 AEZ
878 3213 952 3268 ἐστιν
974 3214 1000 3268 b.
1075 3225 1132 3270 τῶν

127 3302 179 3339 om.
200 3287 264 3339 Vat.
338 3291 379 3339 13.
399 3285 468 3339 Post
489 3289 515 3338 Γ
530 3285 594 3339 add.
614 3291 640 3339 A
658 3285 684 3338 b.
753 3282 813 3356 καί]
834 3302 887 3338 om.
906 3284 933 3338 b.
1000 3290 1042 3340 15.
1063 3287 1144 3341 δεδο-

127 3354 201 3429 μένῳ
221 3355 323 3429 σημείῳ
341 3356 368 3410 b.
452 3363 493 3410 16.
512 3358 561 3428 τῷ]
581 3355 632 3424 τήν
651 3354 677 3409 b.
753 3362 793 3410 17.
813 3354 876 3426 τήν]
895 3351 945 3424 τηά
963 3356 990 3410 b.
1064 3355 1144 3412 θέσει

127 3513 155 3520 -
170 3481 236 3552 AZ]
252 3464 372 3534 δοθεῖσοι
391 3500 447 3548 οιρα
463 3497 536 3534 εστιν
555 3453 574 3548 ᾗ
593 3464 679 3549 Az‘z
699 3477 730 3544 b;
752 3481 870 3547 puncta,
890 3497 949 3548 ιτ,ο
970 3482 999 3534 et
1012 3497 1069 3550 mg.
1092 3480 1144 3548 ’ἦῆ
