2400 3840
132 135 176 198 50
538 133 743 185 ΔΕΔοιιοειΑ.

133 287 190 360 τῆς
212 282 315 341 ΔΑΕ
335 277 356 360 ἡ
379 276 482 353 θέσις.
526 275 746 360 διαμενούσης
769 283 827 357 τῆς
849 276 918 338 ΒΓ
935 278 1158 360 παραλλήλου

133 382 355 468 μεταπιπτέτω
379 381 433 447 καὶ
455 386 537 447 ἔστω
557 382 578 465 ἡ
599 385 707 445 ΖΑΗ.
748 378 959 466 παράλληλος
978 382 1044 467 ἄρα
1063 379 1157 446 ἐστὶν

133 487 660 574 ηωηωαωηπ

133 594 655 681 mmmmmmm
846 571 867 616 Ζ

99 699 188 765 ὁκαὶ
216 701 236 783 ἡ
262 705 365 764 ΔΑΕ
395 703 458 787 ἄρα
485 712 525 786 τῇ
548 705 655 764 ΗΑΖ
700 575 1143 831 ΔΦΣΑῨ-Ε

133 806 343 893 παράλληλός
362 807 460 871 έστιν.
498 803 654 870 ἀλλὰκαὶ
965 821 1016 869 χ»Π

134 917 324 997 συμπίπτει·
357 913 436 998 ὅπερ
467 910 558 977 ἐστὶν
580 914 655 976 δίτο-
701 896 723 944 B
1121 895 1148 945 P

133 1041 206 1083 πον.
271 1018 332 1081 οὐκ
370 1019 433 1103 ἄρα
474 1028 700 1100 μεταπεσεῖται
742 1027 799 1100 τῆς
834 1022 905 1082 ΔΑ
912 1021 944 1080 Ε
983 1016 1004 1098 ἡ
1047 1016 1153 1093 θέσις.

134 1124 226 1188 θέσει
255 1125 319 1209 ἄρα
347 1120 438 1186 ἐστὶν
464 1121 484 1203 ἡ
508 1127 617 1187 ΔΑΕ.

83 1381 115 1429 10
609 1368 677 1433 w‘.

201 1508 277 1574 Ἐὰν
298 1512 383 1595 πρὸς
397 1510 492 1575 θέσει
510 1510 672 1596 δεδομένῃ
692 1511 808 1597 εὐθείῳ
829 1509 946 1597 καὶτῷ
965 1511 1049 1596 πρὸς
1067 1510 1154 1595 αὐτῇ

135 1620 258 1703 σημείῳ
282 1615 449 1702 δεδομένῳ
474 1616 590 1680 εὐθεῖα
612 1617 744 1701 γραμμὴ
769 1615 857 1701 ἄχθη
876 1614 1060 1699 δεδομένην
1078 1637 1154 1681 ποι-

135 1732 218 1787 οῦσα
241 1726 378 1804 γωνίαν,
402 1721 534 1786 δέδοται
557 1721 577 1804 ἡ
602 1721 742 1804 ἀχθεῖσα
765 1731 804 1805 τῇ
828 1721 930 1786 θέσει.

200 1830 285 1914 πρὸς
310 1826 403 1892 θέσει
430 1829 494 1913 γὰρ
522 1827 683 1912 δεδομένῃ
712 1826 829 1914 εὐθείᾳ
855 1836 894 1912 τῇ
923 1831 988 1890 ΑΒ
1020 1826 1076 1892 καὶ
1106 1838 1152 1916 τῷ

83 1951 116 1999 15
135 1936 218 2020 πρὸς
240 1934 324 2019 αὐτῇ
347 1938 469 2020 σημείῳ
493 1932 660 2019 δεδομένῳ
679 1942 725 2020 τῳ
744 1936 776 1997 Γ
793 1933 910 1998 εὐθεῖα
933 1932 1068 2016 ἤχθωὴ
1091 1937 1155 1998 ΓΛ

135 2039 316 2123 δεδομένην
339 2049 482 2105 ποιοῦσα
505 2042 632 2121 γωνίαν
654 2040 715 2122 την
736 2039 802 2105 ὑπὸ
826 2043 930 2104 ΒΓΔ.
977 2038 1073 2122 λέγω,
1101 2040 1153 2105 ὅτι

134 2145 227 2210 θέσει
251 2142 341 2209 ἐστὶν
363 2144 384 2226 ἡ
409 2147 478 2208 ΓΛ.

201 2253 231 2313 εί
252 2251 316 2335 γὰρ
344 2252 403 2332 μη,
431 2248 589 2332 μένοντος
617 2259 677 2314 τοῦ
702 2254 734 2314 Γ
757 2254 895 2334 σημείου
924 2263 1154 2334 μεταπεσεῖται

134 2364 192 2437 της
215 2358 276 2418 ΓΛ
299 2354 320 2437 ἡ
343 2353 438 2429 θέσις
466 2355 669 2440 διατηροῦσα
697 2365 755 2439 τῆς
782 2356 847 2421 ὑπὸ
871 2368 939 2422 τῶν
961 2361 990 2420 Β
998 2359 1063 2441 ΓΔ
1087 2381 1153 2438 μοι·

82 2479 115 2527 20
134 2465 208 2535 νίας
231 2461 268 2524 τὸ
291 2458 441 2542 μέγεθος.
487 2460 710 2544 μεταπιπτέτω
737 2461 793 2527 καὶ
821 2465 902 2528 ἔστω
931 2462 952 2545 ἡ
977 2466 1048 2528 ΓΕ.
1096 2469 1153 2546 ῖση

134 2568 199 2651 ἄρα
227 2563 317 2630 ἐστὶν
344 2563 364 2646 ἡ
391 2565 457 2629 ὑπὸ
485 2578 552 2631 τῶν
574 2571 675 2631 ΔΓΒ
703 2571 809 2649 γωνία
836 2578 876 2654 τῇ
900 2569 964 2633 ὑπὸ
988 2572 1103 2652 ΕΓΒ,
1131 2568 1153 2651 ἡ

134 2675 253 2755 μείζων
285 2680 324 2755 τῇ
358 2670 524 2750 έλοίσσονι·
558 2672 637 2758 ὅπερ
671 2673 804 2738 ἄτοπον.
864 2673 925 2738 οὐκ
957 2675 1021 2760 ἄρα
1055 2666 1154 2758 μετοῖ-

134 2790 280 2843 πεσεῖται
303 2786 360 2860 της
383 2777 492 2860 ΔΓὴ
515 2777 618 2855 θέσις.
664 2778 758 2844 θέσει
782 2781 847 2866 ἅμα
870 2778 961 2845 ἐστὶν
983 2780 1003 2863 ἡ
1029 2784 1100 2845 ΓΔ.

207 3046 230 3093 1.
250 3040 280 3110 ἡ]
300 3055 353 3094 om.
370 3056 394 3092 ο.
454 3045 479 3093 2.
500 3038 585 3111 ἐστίν]
606 3056 659 3095 om.
675 3058 699 3094 a.
763 3047 786 3094 3.
808 3043 870 3112 ΓΒ]
891 3046 986 3095 Bra.
1048 3048 1071 3095 5.
1091 3041 1155 3114 καιΊ

135 3125 188 3162 om.
205 3126 229 3163 ο..
308 3116 331 3164 6.
352 3110 408 3164 έστι
427 3109 602 3180 παράλληλος
620 3128 645 3164 ο.
721 3117 761 3166 11.
782 3110 932 3184 δεδομένη]
952 3109 1108 3180 δεδομένον
1127 3132 1154 3183 v,

137 3197 286 3248 suprascr.
302 3201 319 3249 η
338 3199 375 3234 m.
392 3187 415 3234 2.
489 3183 572 3253 αὐτῇ]
592 3181 677 3254 ἑαντῇ
695 3182 748 3236 Pv.
822 3189 863 3236 15.
884 3186 984 3239 εὐθεῖα
999 3185 1114 3253 γραμμή
1129 3202 1155 3239 ο.

172 3257 212 3304 16.
233 3248 390 3320 δεδομένην
405 3283 437 3290 -
454 3257 476 3305 Β
482 3255 542 3324 ΓΛ]
563 3269 616 3306 om.
631 3271 657 3321 v,
677 3270 761 3322 supra
776 3254 840 3307 add.
855 3272 891 3308 m.
907 3261 931 3308 2.
1002 3261 1044 3309 17.
1059 3252 1143 3309 θέσει

136 3318 216 3383 θέσις
234 3339 259 3375 ο..
331 3327 372 3375 19.
392 3330 440 3391 τῆς
455 3325 530 3394 (pr.)]
549 3333 599 3377 τοῦ
617 3323 692 3392 vat„
712 3341 781 3377 corr.
795 3342 831 3377 m.
847 3330 872 3378 2.
941 3331 983 3379 20.
1003 3326 1053 3380 καὶ
1074 3324 1143 3380 ἔστω

135 3392 215 3453 absa.
299 3397 341 3446 21.
367 3394 460 3463 ΔΓΒ]
486 3397 567 3448 ΕΓΒ
591 3411 616 3450 ο..
699 3396 793 3465 ΕΓΒ]
816 3404 872 3450 τῶν
891 3399 974 3450 ΔΓΒ
998 3413 1023 3450 ο..
1108 3403 1153 3450 23.

134 3459 266 3515 θέσει-
289 3463 355 3533 ΓΔ]
375 3481 427 3516 om.
447 3481 472 3516 ιι.
543 3466 604 3535 ΓΛ]
623 3468 682 3518 ΔΓ
696 3465 792 3519 Γαῖα.
