2400 3840
112 167 177 232 236
284 170 414 222 mm
431 169 652 220 PHILOSOPHI
671 153 957 237 οοααεαειειαε

113 337 177 398 μον
204 314 277 394 ἢτοι
306 313 389 397 πρὸς
417 311 588 396 ἀκρίβειαν
616 310 635 392 ἢ
659 312 696 375 τὸ
720 312 892 392 σύνεγγυς.
942 307 999 372 καὶ
1027 310 1065 372 τὸ
1094 309 1130 373 έν

112 417 272 483 ὑποθέσει
321 415 357 482 δέ
393 419 482 503 παρά
522 426 582 481 τοῦ
623 417 870 502 προβάλλοντος
916 413 1129 499 έκτιθέμενον

113 524 295 608 δεδομένον
327 518 416 588 εἶναί
444 547 532 599 τινες
563 523 795 606 ὑπειλήφασιν.
846 520 980 604 λέγουσι
1009 517 1047 585 δέ
1075 518 1129 584 καὶ

114 633 216 695 ἀλλον
239 633 362 716 τρόπον
391 629 427 694 έν
449 641 522 704 ταῖς
544 631 690 714 πρῶταις
713 629 936 710 στοιχειώσεσι
962 628 1000 692 τὸ
1024 624 1129 691 δοθέν

81 736 171 802 ὁκαὶ
198 739 259 819 την
287 738 463 818 δοθεῖσαν,
496 733 666 799 τουτέστιν
694 735 812 818 ἡλίκην
839 736 881 798 ἀν
903 758 954 809 τις
982 732 1128 818 ἀφορίση

115 841 169 907 καὶ
202 844 249 930 δῶ
282 842 428 906 εὐθεῖαν.
488 849 591 904 ταῦτα
628 837 665 904 δὲ
697 840 805 904 ποίντα
837 840 1023 921 κατάληψίν
1055 862 1129 903 τινα

114 951 269 1031 βούλεται
287 951 469 1033 σημαίνειν.
502 948 585 1012 ὅθεν
599 944 654 1011 καὶ
668 946 809 1030 μάλιστα
824 956 890 1011 τῶν
905 946 994 1031 ὅρων
1010 945 1129 1009 έκεῖνοι

116 1056 360 1138 εὐδοκιμοῦσιν,
384 1054 456 1118 ὅσοι
479 1077 516 1135 γε
539 1054 680 1137 μάλιστα
703 1054 740 1117 τὸ
764 1053 973 1134 καταληπτὸν
991 1050 1128 1135 έμφανί-

117 1163 243 1240 ζουσιν,
267 1160 312 1234 ὡς
334 1166 511 1243 προϊοῦσιν
533 1156 613 1241 ἡμῖν
636 1160 727 1222 ἔσται
750 1149 946 1242 καταφανές.

65 1282 97 1329 10
183 1261 261 1327 νυνὶ
293 1259 331 1327 δέ
361 1261 416 1327 καὶ
448 1274 515 1327 τῶν
546 1264 594 1347 μη.
623 1266 728 1347 μόνον
758 1269 863 1340 ψιλῶς
895 1261 950 1327 καὶ
983 1260 1037 1326 ένί
1064 1286 1129 1326 τινι

117 1371 421 1454 χαρακτηριζόντων
454 1370 514 1452 την
541 1377 601 1432 τοῦ
630 1368 811 1454 δεδομένου
839 1370 959 1454 φύσιν,
991 1360 1066 1433 οἷον
1094 1364 1130 1431 δέ

117 1475 257 1560 ὁρισμὸν
289 1475 392 1540 αὐτοῦ
420 1476 624 1559 ποιούντων,
660 1477 719 1551 τάς
746 1476 910 1560 διαφορὰς
943 1474 1129 1559 έκθόιμεδα.

118 1583 459 1666 συγκεφαλαιούμενοι
483 1578 520 1645 δέ
538 1580 592 1646 καὶ
612 1583 740 1645 τούτων
763 1583 798 1646 οί
814 1585 931 1667 τρόποι
950 1582 1130 1667 εὐαρίθμη-

118 1711 168 1752 τοι
196 1692 355 1770 γίνονται.
401 1689 436 1752 οί
461 1685 522 1772 μέν
549 1689 611 1770 γάρ
639 1686 838 1772 τεταγμένον
866 1689 932 1772 ἀμα
960 1684 1015 1751 καὶ
1038 1690 1130 1772 πόρι-

66 1811 98 1857 15
118 1818 182 1879 μον
212 1797 250 1859 τὸ
283 1793 462 1879 δεδομένον
499 1789 584 1858 εἶναι
617 1793 846 1879 ἀφωρίσαντο,
882 1792 988 1879 ἕτεροι
1026 1791 1063 1858 δέ
1094 1793 1130 1856 τὸ

118 1900 316 1985 τεταγμένον
344 1902 410 1985 ἀμα
437 1897 493 1964 καὶ
515 1900 700 1985 γνώριμον,
728 1896 815 1975 τινές
839 1897 876 1964 δέ
898 1900 935 1963 τὸ
960 1899 1131 1984 γνώριμον

118 2007 184 2089 ἀμα
207 2005 262 2070 καὶ
285 2009 437 2093 πόριμον.
474 2008 652 2091 φαίνονται
671 2003 709 2070 δέ
727 2004 781 2070 καὶ
801 2002 894 2071 οὗτοι
912 2003 1033 2079 πάντες
1051 2005 1131 2090 πρὸς

119 2113 180 2195 την
202 2113 387 2196 κατάληψιν
409 2113 483 2195 ύτοι
506 2117 607 2196 λῆψιν
632 2110 688 2175 καὶ
711 2112 843 2196 εὕρεσιν
865 2119 925 2175 τοῦ
950 2109 1130 2195 δεδομένου

119 2218 347 2304 ἀφεωρακότες
369 2219 429 2282 τὸν
451 2217 625 2304 εἰρημένον
648 2221 773 2303 τρόπον
796 2218 975 2304 ὁρίζεσθαι.
1017 2216 1074 2280 ἵνα
1096 2213 1132 2280 δέ

66 2337 100 2384 20
119 2324 243 2405 ταύτην
266 2346 299 2387 τε
327 2323 439 2387 αὐτῶν
466 2324 526 2405 την
555 2325 689 2388 ἔννοιαν
711 2323 989 2406 καταδησώμεθα,
1022 2325 1070 2387 ἔτι
1097 2345 1132 2405 γε

119 2430 185 2512 μὴν
207 2426 262 2492 καὶ
285 2429 345 2492 τὸν
368 2427 477 2510 ἀληθῆ
501 2437 561 2492 τοῦ
584 2427 801 2513 προκειμένου
829 2430 910 2513 δρον
938 2427 974 2492 έκ
1001 2434 1133 2493 πολλῶν

120 2543 187 2597 τῶν
223 2531 502 2618 παραδεδομένων
538 2532 682 2618 έλωμεν,
724 2533 935 2599 ἐπισκεπτέον
970 2537 1133 2620 πρότερον

121 2636 259 2702 έκάστον
281 2649 349 2702 τῶν
372 2638 486 2703 διπλῶν
508 2641 545 2703 τὸ
569 2643 813 2724 σημαινόμενον
835 2638 891 2704 καὶ
913 2651 981 2704 τῶν
1003 2642 1133 2715 τούτοις

121 2741 365 2828 ἀντικειμένων,
388 2753 448 2809 τοῦ
471 2768 506 2810 τε
529 2745 671 2810 ἀτάκτου
696 2744 778 2828 λέγω
802 2745 857 2810 καὶ
881 2745 1055 2829 ἀγνώστου
1079 2743 1133 2810 καὶ

68 2866 102 2915 25
122 2850 261 2935 ἀπόρου,
285 2850 341 2915 καὶ
373 2851 513 2936 ἀλόγου,
551 2852 595 2927 ὡς
631 2854 714 2936 πρὸς
744 2853 806 2935 τὴν
839 2851 1023 2917 ἐνεστῶσαν
1055 2875 1133 2933 γεω-

122 2959 279 3043 μετρικὴν
301 2956 395 3040 ὕλην.
432 2957 625 3023 ἐπιτείνεται
648 2958 712 3044 γάρ
736 2958 775 3021 τά
793 2967 930 3023 τοιαῦτα
948 2956 1003 3022 καὶ
1023 2956 1076 3021 έπὶ
1095 2957 1135 3020 τά

122 3065 247 3146 φυσικὰ
270 3064 444 3149 πράγματα
466 3062 521 3129 καί
545 3065 602 3139 τάς
625 3066 727 3140 ἀλλας
750 3061 787 3128 δέ
810 3065 1041 3148 μαθηματικὰς
1066 3063 1134 3127 έπι-

121 3172 253 3254 στημας.

194 3437 217 3485 1.
241 3430 314 3503 ἤτοι]
339 3449 392 3485 0111.
411 3432 475 3486 vat.
558 3431 589 3502 ἥ]
613 3428 662 3486 καί
684 3432 813 3499 PVat.v;
838 3431 856 3499 ἥ
880 3447 964 3501 supra
990 3447 1041 3485 ser.
1061 3437 1133 3486 παλ

121 3500 185 3554 Vat.
248 3505 272 3554 8.
293 3503 502 3574 εὐδοκιμοῦσιν]
524 3504 726 3571 εόδοκημοῠσιν
739 3503 762 3555 Ρ
776 3503 847 3572 (sine
862 3503 926 3573 spir,
942 3505 971 3556 ελ
985 3506 1054 3572 acc.)
1068 3503 1133 3557 Vah.
