2400 3840
512 156 616 209 onus.
1028 155 1072 218 63

54 301 165 361 rectae
189 298 256 360 ΒΓ
277 295 433 380 parallelo
461 297 597 362 ducatur
625 301 698 362 ZK.
751 299 837 380 dico,
871 303 938 363 ΖΚ
963 301 1073 365 datam

55 424 128 467 esse
150 402 321 486 positione.

19 529 24 536 ·
124 509 261 572 ducatur
288 509 374 572 enirn
400 531 419 571 a
441 513 563 592 puncto
587 514 620 573 A
647 510 687 573 cd
711 513 779 575 ΒΓ
800 511 1072 595 perpendicularis

55 619 125 678 ΑΘ
152 619 186 678 et
213 615 368 679 educatur
395 613 436 678 cd
462 617 506 678 H.
558 615 713 697 qnoniam
740 639 759 679 a
787 617 862 681 dato
890 621 1012 700 puncto
1041 623 1073 681 A

56 721 98 784 cd
120 723 244 785 rectam
266 719 435 805 positione¹
453 720 562 784 datam
586 724 657 786 ΒΓ
677 727 766 787 rectu
792 722 879 787 linea
902 722 999 786 ducta
1022 726 1072 785 est

572 831 641 890 ΑΘ
668 828 780 892 datum
803 828 946 893 efficiens
974 849 1073 912 angu-

63 964 120 1018 2-
266 933 306 982 H
356 932 388 980 E
484 969 524 1020 ‚K
573 933 641 997 lum
656 937 765 1015 ΑΘΓ,
788 938 999 999 rectndMH
1016 954 1072 1018 po-

245 1052 276 1106 A
574 1039 691 1104 sitione
737 1040 813 1104 data
857 1041 919 1105 erit
963 1041 1072 1124 [prop.

572 1143 691 1230 XXX]
737 1169 852 1211 uerum
882 1147 981 1211 etium
1009 1149 1077 1209 ΒΓ

58 1259 90 1310 Β
294 1216 322 1265 Θ
432 1261 515 1308 n‘1'
572 1251 734 1336 positione
765 1253 840 1317 data
867 1258 930 1340 est3
961 1253 1071 1335 itaque

278 1443 281 1448 .
571 1360 896 1442 punctumdldatum
907 1363 956 1424 est
966 1358 1071 1442 [prop.

54 1460 171 1546 XXV}
219 1485 333 1528 uerum
361 1464 460 1528 etism
484 1470 516 1528 A
543 1465 655 1528 datum
683 1470 740 1529 est.
794 1486 871 1550 ergo
900 1468 969 1529 ΑΘ
996 1464 1072 1527 data

54 1574 106 1634 est
134 1569 239 1653 [prop.
262 1569 397 1654 XXVI}
448 1574 481 1634 et
509 1571 662 1654 quoniam
689 1571 774 1635 ratio
800 1576 866 1635 ΛΑ
880 1594 887 1633 :
901 1574 971 1633 ΑΕ
997 1571 1072 1633 data

55 1680 106 1740 est
138 1680 172 1740 et
203 1680 270 1740 ΛΑ
288 1681 442 1740 τΑΕω
464 1680 526 1740 ΘΑ
544 1699 552 1739 :
572 1680 648 1740 AH
675 1675 821 1761 [V1,4],
854 1677 954 1739 etium
985 1675 1070 1739 ratio

58 1786 120 1846 ΘΑ
133 1804 142 1845 t
156 1785 235 1846 ΑΗ
249 1783 324 1846 dcta
339 1781 401 1846 erit
420 1781 494 1865 [def.
510 1781 554 1865 2].
592 1782 667 1846 datu
681 1785 732 1845 est
747 1786 856 1845 autem
873 1785 942 1844 uA.
973 1802 1070 1864 quare

56 1887 157 1952 etiarn
176 1891 253 1951 ΑΗ
272 1887 348 1951 data
367 1892 416 1952 est
441 1887 545 1972 [prop.
564 1886 620 1970 Π].
658 1909 772 1951 uerum
791 1887 887 1952 etium
907 1885 1070 1970 positione

56 1994 132 2058 data
156 1998 214 2058 est.
261 1999 294 2058 et
322 1994 434 2059 dutum
458 1998 508 2057 est
534 1997 692 2078 punctum
715 1999 761 2078 A3
794 2014 891 2076 quare
915 1992 1014 2056 etiam
1036 1996 1076 2055 H

55 2100 169 2163 datum
197 2103 247 2163 est
274 2099 378 2184 [prop.
398 2097 548 2182 XXVH].
598 2099 665 2163 iam
692 2099 847 2182 quoniam
872 2121 930 2183 per
961 2098 1098 2162 datum·

53 2210 215 2291 punctum
233 2209 273 2269 H
291 2209 398 2271 rectae
418 2209 486 2270 ΒΓ
503 2205 666 2290 positione
690 2207 784 2270 datae
806 2206 961 2290 parallelo
984 2209 1073 2270 recta

53 2312 142 2376 linea
178 2311 276 2375 ducta
313 2316 363 2375 est
396 2315 520 2396 ZHK,
555 2316 629 2376 ZH
631 2315 665 2376 K
698 2311 861 2396 positione
897 2312 974 2376 data
1010 2311 1073 2375 erit

54 2418 163 2502 [prop.
181 2416 349 2500 XXVIII]

483 2514 648 2579 XXXVII.

125 2627 160 2694 Si
184 2630 225 2693 ad
247 2629 418 2713 parallelus
442 2633 548 2694 rectas
575 2631 738 2715 positione
761 2632 853 2696 datas
876 2635 965 2694 recta
986 2630 1072 2693 linea

58 2736 190 2801 ducitur
219 2740 252 2799 et
280 2740 407 2801 secutur
430 2737 606 2801 secundum
630 2738 739 2800 datam
762 2737 934 2819 rationem,
963 2739 995 2800 et
1017 2758 1074 2819 per

56 2842 235 2908 terminum
272 2842 425 2907 sectionis
463 2843 560 2908 rectis
597 2843 760 2927 positione
798 2843 882 2906 datis
919 2840 1073 2927 parallelo

55 2953 148 3014 recta
170 2948 255 3013 lineo
278 2949 416 3032 ducitur,
440 2949 537 3013 ducta
560 2953 649 3013 recta
672 2949 748 3012 datu
771 2953 821 3012 est
843 2947 1013 3031 positione.

124 3077 201 3119 narn
224 3056 264 3119 cd
287 3055 459 3139 parallelas
482 3059 587 3120 rectus
609 3054 772 3138 positione
797 3054 888 3117 datas
911 3056 991 3135 AB,
1010 3053 1071 3115 ΓΛ

53 3165 146 3226 recta
173 3161 259 3226 linea
286 3162 423 3226 ducatur
450 3166 514 3226 ΕΖ
546 3165 579 3226 et
607 3165 734 3226 secetur
761 3159 937 3225 secundum
964 3158 1073 3220 datam

56 3266 220 3331 rationem
240 3272 312 3332 ZH
322 3290 329 3330 :
343 3271 436 3350 HE,·
449 3272 481 3331 et
505 3268 659 3331 educatur
681 3289 739 3351 per
761 3268 919 3349 punctum
937 3267 977 3327 H
994 3263 1073 3326 utri-

57 3394 122 3456 que
151 3377 217 3438 AB
225 3424 234 3458 ,
254 3377 316 3439 ΓΔ
342 3373 499 3458 parallelo
528 3377 601 3438 ΘΚ.
654 3371 741 3457 dico,
775 3374 843 3436 ΘΚ
868 3371 975 3435 datam
1004 3391 1073 3434 esse

56 3478 232 3563 positione.
