2400 3840
143 200 206 264 186
544 199 747 251 Δωεοιιωαε.
794 147 797 154 ’

139 347 233 430 ἤχθω
259 345 279 429 ἡ
304 349 378 409 ΕΖ·
412 341 510 427 λέγω,
534 343 585 408 ὅτι
609 340 713 407 δοθέν
735 341 804 407 ἐστι
827 343 864 406 τὸ
890 347 931 425 Ζ,
959 340 1014 407 καὶ
1038 343 1088 407 ὅτι
1113 346 1150 408 τὸ

138 452 203 517 ὑπὸ
226 463 294 517 τῶν
317 456 392 534 ΑΛ,
410 455 473 514 ΕΖ
495 452 620 536 χωρίον
642 447 746 514 δοθέν
769 447 867 514 ἐστιν.
895 483 906 515 ι

206 560 334 642 διηχθω
359 558 379 642 ἡ
402 562 465 621 ΕΖ
489 555 540 621 ἐπὶ
563 557 600 622 τὸ
626 561 665 640 Θ,
687 554 742 621 ιιαῖ
765 555 948 640 ἐπεζεύχθω
972 557 992 641 ἡ
1016 562 1049 621 Α
1057 561 1094 621 Θ.

207 664 275 730 έτιεῖ
304 665 391 751 ὀρθή
420 663 510 728 ἐστιν
536 663 556 747 ἡ
582 662 647 728 ὑπὸ
670 674 738 727 τῶν
763 668 862 728 ΘΕΑ
889 667 1008 747 γωνία,
1041 663 1061 746 η
1088 667 1151 727 ΘΑ

102 785 120 834 ο
141 773 314 857 διάμετρός
337 772 405 836 ἐστι
427 779 487 835 τοῦ
510 773 614 835 ΑΒΓ
632 769 769 834 κύκλον·
795 773 863 834 έστι
887 765 1000 834 δὲκαὶ
1023 767 1044 851 ἡ
1069 772 1149 833 ΒΓ·

57 887 60 892 '
138 881 175 944 τὸ
194 883 234 943 Η
253 881 316 963 ἄρα
339 876 477 963 κέντρον
501 875 570 941 ἐστὶ
592 884 651 941 τοῦ
670 879 776 941 ΑΒΓ
792 877 930 941 κύκλον·
956 873 1060 940 δοθὲν
1084 878 1150 961 ἄρα

139 984 208 1050 ἐστὶ
235 987 272 1058 τὸ
295 989 339 1049 Η.
386 987 454 1049 ἔστι
486 979 523 1047 δέ
554 980 609 1046 καὶ
636 983 673 1047 τὸ
699 988 732 1046 Δ
759 979 876 1046 δοθέν·
913 983 1052 1047 δοθεῖσα
1085 968 1150 1069 &lgm

139 1090 228 1157 ἐστὶν
251 1090 271 1174 ἡ
296 1095 373 1155 ΔΗ
396 1099 441 1177 τῷ
465 1088 607 1174 μεγέθει.
652 1086 707 1152 καῖ
736 1085 804 1153 ἐπεὶ
826 1088 1035 1174 παράλληλός
1058 1087 1150 1152 ἐστιν

137 1197 247 1281 ἡΑΑ
269 1207 309 1282 τῇ
332 1201 412 1279 ΕΘ,
434 1199 493 1270 καῖ
512 1195 603 1260 ἐστιν
626 1200 680 1277 ἴση
703 1193 723 1277 ἡ
750 1199 823 1259 ΘΗ
841 1205 880 1281 τῇ
903 1199 980 1278 ΗΑ,
1005 1201 1059 1279 ἴση
1083 1197 1149 1283 ἄρα

85 1316 120 1364 10
140 1285 207 1368 ἐστὶ
225 1302 281 1368 καῖ
298 1303 319 1386 ἡ
338 1298 399 1387 μέν
417 1306 494 1366 ΔΗ
508 1310 547 1386 τῇ
566 1305 645 1384 ΗΖ,
664 1299 684 1383 ἡ
705 1297 741 1365 δέ
760 1306 829 1365 ΑΑ
847 1311 887 1387 τῇ
908 1306 983 1365 ΖΘ·
1007 1302 1149 1368 δοθεῖσα

123 1405 174 1474 «δέ
196 1408 323 1492 ἡΑΗ·
348 1409 487 1473 δοθεῖσα
505 1409 569 1488 ἄρα
586 1404 642 1471 καὶ
660 1406 680 1490 ἡ
701 1411 773 1471 ΖΗ
776 1427 783 1442 ·
808 1405 962 1472 ἀλλὰκαὶ
981 1418 1021 1493 τῇ
1040 1407 1148 1474 θέσει·

138 1513 272 1602 ἑκατέρα
301 1517 364 1602 ἄρα
391 1525 459 1596 τῶν
481 1518 521 1578 Η
523 1519 560 1597 Ζ,
578 1518 618 1578 Η
620 1520 653 1578 Δ
681 1514 819 1578 δοθεῖσα
850 1514 949 1579 ἐστιν.
994 1519 1052 1579 καί
1078 1515 1148 1581 ε’στι

137 1619 241 1688 δοθέν
267 1624 304 1689 τὸ
327 1627 382 1691 Η·
421 1618 524 1686 δοθέν
552 1623 616 1706 ἄρα
643 1619 698 1686 καῖ
725 1621 761 1685 τὸ
789 1625 816 1684 Ζ
845 1619 943 1685 ἐστιν.
993 1619 1050 1685 καὶ
1078 1621 1148 1688 ἐπεὶ

136 1731 260 1794 κύκλον
294 1727 474 1814 δεδομένον
506 1738 546 1814 τῇ
574 1725 668 1792 θέσει
693 1736 753 1792 τοῦ
777 1730 882 1791 ΑΒΓ
908 1733 1056 1811 εἴληπται
1090 1744 1147 1812 ση-

34 1856 37 1861 ·
83 1848 116 1897 15
136 1848 229 1919 μεῖον
251 1837 288 1901 τὸ
315 1840 342 1898 Ζ
368 1832 572 1918 δοθέν,·καῖ
600 1834 730 1917 διῆκται
756 1831 777 1915 ἡ
800 1838 914 1917 ΕΖΘ,
949 1831 1053 1899 δοθέν
1081 1838 1147 1920 ἄρα

137 1940 205 2007 ἐστὶ
228 1943 265 2006 τὸ
288 1941 353 2005 ὑπὸ
376 1952 444 2006 τῶν
466 1945 577 2020 ΕΖΘ·
607 1946 661 2023 ἴση
685 1936 764 2022 δέη
791 1944 853 2004 ΘΖ
876 1951 915 2026 τῇ
938 1946 1017 2004 ΑΑ·
1042 1939 1148 2006 δοθὲν

60 2103 63 2112 .
136 2050 200 2134 ἄρα
223 2045 292 2113 ἐστὶ
315 2048 352 2113 τὸ
375 2047 440 2112 ὑπὸ
463 2057 531 2111 τῶν
553 2051 628 2129 ΑΛ,
646 2050 722 2110 ΕΖ·
749 2045 828 2131 ὅπερ
852 2047 919 2110 ἔδει
943 2030 1055 2125 δεῖξαι.

205 2247 230 2295 2.
249 2242 316 2311 τῶν]
334 2247 383 2309 τῆς
401 2256 427 2293 a.
500 2244 524 2293 3.
544 2239 613 2361 ΕΖχ
630 2240 685 2293 ΕΘ
704 2254 729 2292 a.
803 2237 834 2293 τὸ
855 2239 963 2310 Θ]τὴν
985 2243 1049 2294 Za.
1118 2247 1143 2297 4.

134 2312 201 2383 τῶν]
220 2318 268 2381 τῆς
286 2328 311 2366 a.
376 2317 400 2364 ὁ.
419 2309 488 2363 Post
506 2312 593 2362 Bra
614 2308 640 2363 d.
662 2307 808 2377 διάμετρος
826 2325 851 2363 a.
917 2317 940 2364 6.
961 2309 1029 2382 ἄρα]
1049 2328 1102 2366 om.
1118 2331 1144 2381 v,

134 2383 198 2436 add.
213 2400 249 2435 m.
264 2386 288 2435 2.
345 2389 368 2436 7.
388 2379 419 2434 τό
434 2378 517 2450 (alt.)]
537 2396 590 2434 om.
604 2379 635 2433 P.
700 2380 831 2452 δοθεῖσα]
850 2377 931 2434 θέσει
949 2398 974 2436 a.
1031 2387 1054 2436 9.
1076 2384 1143 2455 HA]

115 2457 192 2506 4ΑΗ
208 2469 233 2506 a.
309 2458 349 2507 10.
369 2447 442 2505 ἐστίν
461 2468 486 2505 v.
550 2448 610 2521 καί]
631 2466 684 2504 om.
699 2469 724 2520 v,
744 2451 808 2506 add.
823 2469 858 2506 m.
874 2457 899 2506 2.
961 2453 1144 2578 ZQQZa.

169 2525 288 2577 δοθεῖσα
312 2519 344 2576 δέ
364 2541 395 2562 -·
417 2527 457 2577 11.
476 2517 556 2575 θέσει
592 2538 645 2576 om.
665 2538 692 2577 a.
783 2527 824 2576 12.
849 2521 916 2595 ἄρα]
942 2539 994 2577 om.
1046 2524 1143 2594 Γαῖα,

132 2592 197 2647 add.
217 2611 253 2646 m.
273 2598 288 2646 λ
308 2593 372 2647 vat.
427 2589 476 2646 καῖ
495 2590 551 2645 ἐστι
583 2608 636 2647 om.
656 2608 680 2646 a.
742 2598 783 2647 13.
804 2592 890 2664 ἐστιν]
911 2610 964 2647 om.
984 2611 1008 2648 a.
1065 2594 1143 2669 έτιεί]

133 2663 207 2717 ἐστιν
227 2660 273 2716 ἐττῖ
291 2680 316 2716 a.
383 2668 424 2717 15.
444 2659 534 2716 δοθέν
552 2663 582 2717 τὸ
605 2667 669 2718 Za.
735 2661 824 2718 δοθέν
839 2664 922 2735 (alm
940 2666 989 2719 καλ
1008 2664 1097 2721 δοθέν
1117 2685 1142 2722 a.

169 2732 224 2801 ἄρα
244 2731 317 2804 έστῖ]
341 2749 393 2787 om.
414 2749 438 2786 a.
530 2737 571 2788 17.
596 2731 663 2801 ὅπερ
684 2731 741 2787 έδει
759 2735 861 2806 δεῖξαι]
886 2751 938 2790 om.
959 2753 983 2791 a.
1075 2737 1144 2793 Post

133 2805 223 2870 δεῖξαι
237 2804 301 2858 add.
316 2801 392 2866 τέλος
406 2805 457 2857 atr.
468 2803 552 2857 rubro
565 2809 629 2858 Παλ
643 2803 708 2859 Vat.
780 2805 812 2857 In
831 2806 898 2860 fine:
918 2809 1146 2863 ΕΤΚΛΕΙΔΟΤ

132 2878 348 2931 ΔΕΔΟΜΕΝΑ
368 2875 404 2943 P;
431 2873 500 2929 item
518 2874 592 2944 Vah,
617 2874 775 2942 inquom.
796 2881 811 2929 2
831 2879 883 2932 atr.
902 2877 986 2932 rubro
1005 2880 1071 2932 ante
1092 2884 1146 2934 ΕΤ

63 2960 65 2965 ’
132 2947 197 3002 add.
215 2957 271 3002 τῶν
290 2944 404 3017 (θεῖα),
427 2948 535 3000 Amut.
555 2945 585 2998 in
608 2967 659 3014 ων,
683 2944 747 2999 add.
767 2943 856 3014 τέλος;
884 2946 998 3001 tertium
1021 2949 1142 3018 denique

131 3016 209 3081 τέλος
221 3024 285 3074 καλ
304 3017 378 3071 infra
392 3019 546 3071 extremam
559 3017 678 3086 figuram
691 3014 722 3069 in
735 3015 792 3070 imo
806 3017 888 3086 folio;
907 3016 983 3081 τέλος
998 3021 1142 3076 εἴαλειδοο

130 3087 270 3159 δεδομένα
289 3108 319 3158 v3
342 3092 425 3152 τελος.
450 3091 591 3143 εανλειδοα
611 3089 749 3155 δεδομενα
767 3107 816 3158 της
833 3093 943 3152 θεωνος
962 3093 1097 3155 ειιδοσεως
1115 3109 1140 3147 a.
