<?xml version="1.0" encoding="UTF-8"?>
<!DOCTYPE html PUBLIC "-//W3C//DTD XHTML 1.0 Transitional//EN"
    "http://www.w3.org/TR/xhtml1/DTD/xhtml1-transitional.dtd">
<html xmlns="http://www.w3.org/1999/xhtml" xml:lang="en" lang="en">
 <head>
  <title>
</title>
<meta http-equiv="Content-Type" content="text/html;charset=utf-8" />
  <meta name='ocr-system' content='tesseract 3.04.00' />
  <meta name='ocr-capabilities' content='ocr_page ocr_carea ocr_par ocr_line ocrx_word'/>
</head>
<body>
  <div class='ocr_page' id='page_1' title='image "./euclidisoperaom05unkngoog_0331.png"; bbox 0 0 2400 3840; ppageno 0'>
   <div class='ocr_carea' id='block_1_1' title="bbox 391 173 1076 237">
    <p class='ocr_par' dir='ltr' id='par_1_1' title="bbox 391 173 1076 237">
     <span class='ocr_line' id='line_1_1' title="bbox 391 173 1076 237; baseline 0.016 -11"><span class='ocrx_word' id='word_1_1' title='bbox 391 177 430 226; x_wconf 82' lang='lat' dir='ltr'>iu</span> <span class='ocrx_word' id='word_1_2' title='bbox 447 175 617 226; x_wconf 80' lang='lat' dir='ltr'>aucumls</span> <span class='ocrx_word' id='word_1_3' title='bbox 635 177 740 228; x_wconf 73' lang='lat' dir='ltr'>nuri.</span> <span class='ocrx_word' id='word_1_4' title='bbox 1011 173 1076 237; x_wconf 76' lang='lat'>‘257</span> 
     </span>
    </p>
   </div>
   <div class='ocr_carea' id='block_1_2' title="bbox 58 316 1078 509">
    <p class='ocr_par' dir='ltr' id='par_1_2' title="bbox 58 316 1078 509">
     <span class='ocr_line' id='line_1_2' title="bbox 59 316 1077 402; baseline 0.003 -22"><span class='ocrx_word' id='word_1_5' title='bbox 59 339 160 401; x_wconf 90' lang='lat' dir='ltr'>quam</span> <span class='ocrx_word' id='word_1_6' title='bbox 183 316 388 400; x_wconf 83' lang='lat' dir='ltr'>disciplinam</span> <span class='ocrx_word' id='word_1_7' title='bbox 411 317 614 381; x_wconf 84' lang='lat' dir='ltr'>referendum</span> <span class='ocrx_word' id='word_1_8' title='bbox 637 317 690 402; x_wconf 86' lang='lat' dir='ltr'>sit,</span> <span class='ocrx_word' id='word_1_9' title='bbox 713 321 746 381; x_wconf 91' lang='lat' dir='ltr'>et</span> <span class='ocrx_word' id='word_1_10' title='bbox 764 317 1019 401; x_wconf 88' lang='lat' dir='ltr'>disputationem</span> <span class='ocrx_word' id='word_1_11' title='bbox 1038 319 1077 383; x_wconf 92' lang='lat' dir='ltr'>de</span> 
     </span>
     <span class='ocr_line' id='line_1_3' title="bbox 58 422 1078 509; baseline 0.002 -23"><span class='ocrx_word' id='word_1_12' title='bbox 58 444 101 486; x_wconf 86' lang='lat' dir='ltr'>eo</span> <span class='ocrx_word' id='word_1_13' title='bbox 130 422 340 487; x_wconf 76' lang='lat' dir='ltr'>utilissimam</span> <span class='ocrx_word' id='word_1_14' title='bbox 368 445 447 488; x_wconf 90' lang='lat' dir='ltr'>esse.</span> <span class='ocrx_word' id='word_1_15' title='bbox 494 423 630 487; x_wconf 79' lang='lat' dir='ltr'>addatur</span> <span class='ocrx_word' id='word_1_16' title='bbox 658 427 768 488; x_wconf 84' lang='lat' dir='ltr'>autem</span> <span class='ocrx_word' id='word_1_17' title='bbox 793 422 849 509; x_wconf 86' lang='lat' dir='ltr'>iis,</span> <span class='ocrx_word' id='word_1_18' title='bbox 881 445 963 507; x_wconf 90' lang='lat' dir='ltr'>quae</span> <span class='ocrx_word' id='word_1_19' title='bbox 991 425 1078 490; x_wconf 84' lang='lat' dir='ltr'>dicta</span> 
     </span>
    </p>
   </div>
   <div class='ocr_carea' id='block_1_3' title="bbox 58 528 1079 2837">
    <p class='ocr_par' dir='ltr' id='par_1_3' title="bbox 58 528 1079 2837">
     <span class='ocr_line' id='line_1_4' title="bbox 60 528 1078 616; baseline 0.002 -24"><span class='ocrx_word' id='word_1_20' title='bbox 60 532 148 614; x_wconf 81' lang='lat' dir='ltr'>sunt,</span> <span class='ocrx_word' id='word_1_21' title='bbox 167 528 268 594; x_wconf 91' lang='lat' dir='ltr'>etiam</span> <span class='ocrx_word' id='word_1_22' title='bbox 287 528 543 613; x_wconf 76' lang='lat' dir='ltr'>circumscriptio</span> <span class='ocrx_word' id='word_1_23' title='bbox 561 528 651 593; x_wconf 89' lang='lat' dir='ltr'>illius</span> <span class='ocrx_word' id='word_1_24' title='bbox 666 528 865 613; x_wconf 89' lang='lat' dir='ltr'>disciplinae.</span> <span class='ocrx_word' id='word_1_25' title='bbox 899 529 961 594; x_wconf 90' lang='lat' dir='ltr'>erit</span> <span class='ocrx_word' id='word_1_26' title='bbox 974 530 1078 616; x_wconf 82' lang='lat' dir='ltr'>igitur</span> 
     </span>
     <span class='ocr_line' id='line_1_5' title="bbox 58 634 1076 721; baseline 0.001 -22"><span class='ocrx_word' id='word_1_27' title='bbox 58 657 114 719; x_wconf 82' lang='lat' dir='ltr'>ea,</span> <span class='ocrx_word' id='word_1_28' title='bbox 137 640 174 699; x_wconf 90' lang='lat' dir='ltr'>ut</span> <span class='ocrx_word' id='word_1_29' title='bbox 197 657 237 699; x_wconf 88' lang='lat' dir='ltr'>ex</span> <span class='ocrx_word' id='word_1_30' title='bbox 258 634 310 720; x_wconf 84' lang='lat' dir='ltr'>iis,</span> <span class='ocrx_word' id='word_1_31' title='bbox 333 656 415 718; x_wconf 90' lang='lat' dir='ltr'>quae</span> <span class='ocrx_word' id='word_1_32' title='bbox 439 634 525 700; x_wconf 90' lang='lat' dir='ltr'>dicta</span> <span class='ocrx_word' id='word_1_33' title='bbox 549 640 639 719; x_wconf 88' lang='lat' dir='ltr'>sunt,</span> <span class='ocrx_word' id='word_1_34' title='bbox 663 635 806 721; x_wconf 81' lang='lat' dir='ltr'>adparet,</span> <span class='ocrx_word' id='word_1_35' title='bbox 830 635 1076 719; x_wconf 87' lang='lat' dir='ltr'>comprehensio</span> 
     </span>
     <span class='ocr_line' id='line_1_6' title="bbox 60 740 1076 826; baseline 0.003 -22"><span class='ocrx_word' id='word_1_36' title='bbox 60 740 168 805; x_wconf 92' lang='lat' dir='ltr'>omnis</span> <span class='ocrx_word' id='word_1_37' title='bbox 194 741 320 826; x_wconf 82' lang='lat' dir='ltr'>generis</span> <span class='ocrx_word' id='word_1_38' title='bbox 345 741 522 805; x_wconf 88' lang='lat' dir='ltr'>datorum</span> <span class='ocrx_word' id='word_1_39' title='bbox 541 744 574 804; x_wconf 85' lang='lat' dir='ltr'>ct</span> <span class='ocrx_word' id='word_1_40' title='bbox 598 762 720 825; x_wconf 78' lang='lat' dir='ltr'>eorum,</span> <span class='ocrx_word' id='word_1_41' title='bbox 742 762 824 824; x_wconf 88' lang='lat' dir='ltr'>quae</span> <span class='ocrx_word' id='word_1_42' title='bbox 844 742 885 805; x_wconf 91' lang='lat' dir='ltr'>ad</span> <span class='ocrx_word' id='word_1_43' title='bbox 902 741 961 806; x_wconf 82' lang='lat' dir='ltr'>illa</span> <span class='ocrx_word' id='word_1_44' title='bbox 978 743 1076 826; x_wconf 85' lang='lat' dir='ltr'>pcrti-</span> 
     </span>
     <span class='ocr_line' id='line_1_7' title="bbox 60 846 1079 932; baseline 0.002 -22"><span class='ocrx_word' id='word_1_45' title='bbox 60 850 150 910; x_wconf 88' lang='lat' dir='ltr'>nent.</span> <span class='ocrx_word' id='word_1_46' title='bbox 174 847 305 931; x_wconf 88' lang='lat' dir='ltr'>proprie</span> <span class='ocrx_word' id='word_1_47' title='bbox 321 851 431 911; x_wconf 90' lang='lat' dir='ltr'>autern</span> <span class='ocrx_word' id='word_1_48' title='bbox 445 850 478 910; x_wconf 93' lang='lat' dir='ltr'>et</span> <span class='ocrx_word' id='word_1_49' title='bbox 493 847 521 910; x_wconf 90' lang='lat' dir='ltr'>si</span> <span class='ocrx_word' id='word_1_50' title='bbox 534 846 655 910; x_wconf 88' lang='lat' dir='ltr'>librum</span> <span class='ocrx_word' id='word_1_51' title='bbox 664 846 870 930; x_wconf 91' lang='lat' dir='ltr'>propositum</span> <span class='ocrx_word' id='word_1_52' title='bbox 885 851 1079 932; x_wconf 83' lang='lat' dir='ltr'>spectamus,</span> 
     </span>
     <span class='ocr_line' id='line_1_8' title="bbox 59 951 1075 1036; baseline 0 -20"><span class='ocrx_word' id='word_1_53' title='bbox 59 951 189 1017; x_wconf 89' lang='lat' dir='ltr'>dicatur</span> <span class='ocrx_word' id='word_1_54' title='bbox 217 974 287 1016; x_wconf 89' lang='lat' dir='ltr'>esse</span> <span class='ocrx_word' id='word_1_55' title='bbox 316 951 401 1016; x_wconf 85' lang='lat' dir='ltr'>ratio</span> <span class='ocrx_word' id='word_1_56' title='bbox 430 956 463 1016; x_wconf 93' lang='lat' dir='ltr'>et</span> <span class='ocrx_word' id='word_1_57' title='bbox 486 953 541 1016; x_wconf 83' lang='lat' dir='ltr'>uia</span> <span class='ocrx_word' id='word_1_58' title='bbox 569 951 728 1016; x_wconf 82' lang='lat' dir='ltr'>elementa</span> <span class='ocrx_word' id='word_1_59' title='bbox 755 951 857 1016; x_wconf 89' lang='lat' dir='ltr'>totius</span> <span class='ocrx_word' id='word_1_60' title='bbox 886 951 1075 1036; x_wconf 85' lang='lat' dir='ltr'>disciplinae</span> 
     </span>
     <span class='ocr_line' id='line_1_9' title="bbox 63 1057 1078 1141; baseline 0 -18"><span class='ocrx_word' id='word_1_61' title='bbox 63 1060 254 1123; x_wconf 88' lang='lat' dir='ltr'>datorum</span> <span class='ocrx_word' id='word_1_62' title='bbox 287 1057 465 1123; x_wconf 87' lang='lat' dir='ltr'>continens.</span> <span class='ocrx_word' id='word_1_63' title='bbox 523 1079 560 1121; x_wconf 89' lang='lat' dir='ltr'>ea</span> <span class='ocrx_word' id='word_1_64' title='bbox 593 1061 703 1122; x_wconf 87' lang='lat' dir='ltr'>autem</span> <span class='ocrx_word' id='word_1_65' title='bbox 732 1062 764 1122; x_wconf 89' lang='lat' dir='ltr'>et</span> <span class='ocrx_word' id='word_1_66' title='bbox 795 1057 868 1141; x_wconf 91' lang='lat' dir='ltr'>ipsa</span> <span class='ocrx_word' id='word_1_67' title='bbox 900 1057 1078 1123; x_wconf 88' lang='lat' dir='ltr'>utilitatem</span> 
     </span>
     <span class='ocr_line' id='line_1_10' title="bbox 64 1163 1079 1248; baseline 0 -20"><span class='ocrx_word' id='word_1_68' title='bbox 64 1168 96 1228; x_wconf 88' lang='lat' dir='ltr'>et</span> <span class='ocrx_word' id='word_1_69' title='bbox 114 1164 240 1248; x_wconf 88' lang='lat' dir='ltr'>reliqua</span> <span class='ocrx_word' id='word_1_70' title='bbox 259 1164 300 1227; x_wconf 90' lang='lat' dir='ltr'>ad</span> <span class='ocrx_word' id='word_1_71' title='bbox 319 1164 452 1227; x_wconf 90' lang='lat' dir='ltr'>datum</span> <span class='ocrx_word' id='word_1_72' title='bbox 470 1163 574 1227; x_wconf 89' lang='lat' dir='ltr'>relata</span> <span class='ocrx_word' id='word_1_73' title='bbox 592 1168 809 1248; x_wconf 81' lang='lat' dir='ltr'>congruenter</span> <span class='ocrx_word' id='word_1_74' title='bbox 823 1163 968 1228; x_wconf 83' lang='lat' dir='ltr'>habebit.</span> <span class='ocrx_word' id='word_1_75' title='bbox 995 1163 1079 1228; x_wconf 90' lang='lat' dir='ltr'>liber</span> 
     </span>
     <span class='ocr_line' id='line_1_11' title="bbox 60 1269 1079 1354; baseline 0.001 -20"><span class='ocrx_word' id='word_1_76' title='bbox 60 1274 175 1334; x_wconf 86' lang='lat' dir='ltr'>autem</span> <span class='ocrx_word' id='word_1_77' title='bbox 195 1270 319 1334; x_wconf 89' lang='lat' dir='ltr'>diuisus</span> <span class='ocrx_word' id='word_1_78' title='bbox 339 1274 389 1334; x_wconf 88' lang='lat' dir='ltr'>est</span> <span class='ocrx_word' id='word_1_79' title='bbox 409 1269 585 1335; x_wconf 88' lang='lat' dir='ltr'>secundum</span> <span class='ocrx_word' id='word_1_80' title='bbox 604 1290 723 1354; x_wconf 83' lang='lat' dir='ltr'>genera</span> <span class='ocrx_word' id='word_1_81' title='bbox 739 1269 835 1354; x_wconf 81' lang='lat' dir='ltr'>dati,</span> <span class='ocrx_word' id='word_1_82' title='bbox 858 1274 954 1354; x_wconf 88' lang='lat' dir='ltr'>atquc</span> <span class='ocrx_word' id='word_1_83' title='bbox 973 1270 1079 1354; x_wconf 82' lang='lat' dir='ltr'>prima</span> 
     </span>
     <span class='ocr_line' id='line_1_12' title="bbox 61 1375 1078 1462; baseline 0 -22"><span class='ocrx_word' id='word_1_84' title='bbox 61 1380 155 1461; x_wconf 89' lang='lat' dir='ltr'>parte</span> <span class='ocrx_word' id='word_1_85' title='bbox 188 1375 257 1440; x_wconf 88' lang='lat' dir='ltr'>eius</span> <span class='ocrx_word' id='word_1_86' title='bbox 291 1397 329 1440; x_wconf 90' lang='lat' dir='ltr'>ea</span> <span class='ocrx_word' id='word_1_87' title='bbox 361 1376 583 1460; x_wconf 81' lang='lat' dir='ltr'>continentur,</span> <span class='ocrx_word' id='word_1_88' title='bbox 615 1396 697 1458; x_wconf 90' lang='lat' dir='ltr'>quae</span> <span class='ocrx_word' id='word_1_89' title='bbox 725 1375 851 1439; x_wconf 89' lang='lat' dir='ltr'>ratione</span> <span class='ocrx_word' id='word_1_90' title='bbox 884 1377 961 1441; x_wconf 83' lang='lat' dir='ltr'>data</span> <span class='ocrx_word' id='word_1_91' title='bbox 992 1381 1078 1462; x_wconf 81' lang='lat' dir='ltr'>sunt,</span> 
     </span>
     <span class='ocr_line' id='line_1_13' title="bbox 62 1481 1078 1568; baseline 0.001 -22"><span class='ocrx_word' id='word_1_92' title='bbox 62 1482 214 1566; x_wconf 82' lang='lat' dir='ltr'>secunda,</span> <span class='ocrx_word' id='word_1_93' title='bbox 229 1504 310 1565; x_wconf 83' lang='lat' dir='ltr'>quae</span> <span class='ocrx_word' id='word_1_94' title='bbox 324 1481 501 1568; x_wconf 76' lang='lat' dir='ltr'>positionc3</span> <span class='ocrx_word' id='word_1_95' title='bbox 515 1486 694 1565; x_wconf 89' lang='lat' dir='ltr'>sequuntur</span> <span class='ocrx_word' id='word_1_96' title='bbox 707 1481 774 1565; x_wconf 83' lang='lat' dir='ltr'>illa,</span> <span class='ocrx_word' id='word_1_97' title='bbox 788 1502 870 1564; x_wconf 89' lang='lat' dir='ltr'>quae</span> <span class='ocrx_word' id='word_1_98' title='bbox 885 1481 991 1565; x_wconf 89' lang='lat' dir='ltr'>specie</span> <span class='ocrx_word' id='word_1_99' title='bbox 1002 1482 1078 1547; x_wconf 89' lang='lat' dir='ltr'>data</span> 
     </span>
     <span class='ocr_line' id='line_1_14' title="bbox 62 1586 1077 1674; baseline -0.001 -23"><span class='ocrx_word' id='word_1_100' title='bbox 62 1595 153 1674; x_wconf 78' lang='lat' dir='ltr'>sunt3</span> <span class='ocrx_word' id='word_1_101' title='bbox 176 1587 314 1672; x_wconf 85' lang='lat' dir='ltr'>simplex</span> <span class='ocrx_word' id='word_1_102' title='bbox 333 1592 382 1652; x_wconf 89' lang='lat' dir='ltr'>est</span> <span class='ocrx_word' id='word_1_103' title='bbox 401 1587 488 1651; x_wconf 91' lang='lat' dir='ltr'>enim</span> <span class='ocrx_word' id='word_1_104' title='bbox 506 1586 591 1652; x_wconf 89' lang='lat' dir='ltr'>ratio</span> <span class='ocrx_word' id='word_1_105' title='bbox 611 1608 731 1670; x_wconf 81' lang='lat' dir='ltr'>eorum,</span> <span class='ocrx_word' id='word_1_106' title='bbox 753 1608 834 1669; x_wconf 88' lang='lat' dir='ltr'>quac</span> <span class='ocrx_word' id='word_1_107' title='bbox 854 1586 1077 1672; x_wconf 80' lang='lat' dir='ltr'>magnitudine</span> 
     </span>
     <span class='ocr_line' id='line_1_15' title="bbox 65 1692 1078 1778; baseline -0.002 -20"><span class='ocrx_word' id='word_1_108' title='bbox 65 1694 141 1758; x_wconf 83' lang='lat' dir='ltr'>data</span> <span class='ocrx_word' id='word_1_109' title='bbox 164 1698 253 1778; x_wconf 87' lang='lat' dir='ltr'>sunt;</span> <span class='ocrx_word' id='word_1_110' title='bbox 277 1694 332 1758; x_wconf 90' lang='lat' dir='ltr'>sed</span> <span class='ocrx_word' id='word_1_111' title='bbox 356 1693 455 1758; x_wconf 88' lang='lat' dir='ltr'>ctiam</span> <span class='ocrx_word' id='word_1_112' title='bbox 479 1715 517 1757; x_wconf 89' lang='lat' dir='ltr'>ea</span> <span class='ocrx_word' id='word_1_113' title='bbox 540 1692 648 1776; x_wconf 90' lang='lat' dir='ltr'>aliqua</span> <span class='ocrx_word' id='word_1_114' title='bbox 671 1714 710 1756; x_wconf 83' lang='lat' dir='ltr'>ex</span> <span class='ocrx_word' id='word_1_115' title='bbox 732 1696 825 1776; x_wconf 88' lang='lat' dir='ltr'>parte</span> <span class='ocrx_word' id='word_1_116' title='bbox 849 1714 923 1756; x_wconf 92' lang='lat' dir='ltr'>cum</span> <span class='ocrx_word' id='word_1_117' title='bbox 946 1693 981 1756; x_wconf 92' lang='lat' dir='ltr'>in</span> <span class='ocrx_word' id='word_1_118' title='bbox 1004 1693 1078 1757; x_wconf 88' lang='lat' dir='ltr'>reli-</span> 
     </span>
     <span class='ocr_line' id='line_1_16' title="bbox 62 1797 1078 1883; baseline 0 -21"><span class='ocrx_word' id='word_1_119' title='bbox 62 1799 137 1882; x_wconf 88' lang='lat' dir='ltr'>quis</span> <span class='ocrx_word' id='word_1_120' title='bbox 164 1803 237 1864; x_wconf 93' lang='lat' dir='ltr'>tum</span> <span class='ocrx_word' id='word_1_121' title='bbox 267 1799 303 1863; x_wconf 91' lang='lat' dir='ltr'>in</span> <span class='ocrx_word' id='word_1_122' title='bbox 329 1798 385 1883; x_wconf 82' lang='lat' dir='ltr'>iis,</span> <span class='ocrx_word' id='word_1_123' title='bbox 417 1800 498 1881; x_wconf 89' lang='lat' dir='ltr'>quae</span> <span class='ocrx_word' id='word_1_124' title='bbox 532 1797 638 1881; x_wconf 88' lang='lat' dir='ltr'>specie</span> <span class='ocrx_word' id='word_1_125' title='bbox 671 1799 748 1862; x_wconf 91' lang='lat' dir='ltr'>data</span> <span class='ocrx_word' id='word_1_126' title='bbox 780 1801 870 1882; x_wconf 82' lang='lat' dir='ltr'>sunt,</span> <span class='ocrx_word' id='word_1_127' title='bbox 902 1797 1078 1862; x_wconf 86' lang='lat' dir='ltr'>distributa</span> 
     </span>
     <span class='ocr_line' id='line_1_17' title="bbox 61 1904 1078 1990; baseline 0 -22"><span class='ocrx_word' id='word_1_128' title='bbox 61 1905 282 1987; x_wconf 83' lang='lat' dir='ltr'>inueniuntur.</span> <span class='ocrx_word' id='word_1_129' title='bbox 319 1904 450 1969; x_wconf 90' lang='lat' dir='ltr'>initium</span> <span class='ocrx_word' id='word_1_130' title='bbox 474 1908 584 1969; x_wconf 93' lang='lat' dir='ltr'>autem</span> <span class='ocrx_word' id='word_1_131' title='bbox 607 1904 693 1988; x_wconf 92' lang='lat' dir='ltr'>cepit</span> <span class='ocrx_word' id='word_1_132' title='bbox 717 1905 757 1968; x_wconf 93' lang='lat' dir='ltr'>ab</span> <span class='ocrx_word' id='word_1_133' title='bbox 776 1904 827 1990; x_wconf 81' lang='lat' dir='ltr'>iis,</span> <span class='ocrx_word' id='word_1_134' title='bbox 850 1905 1078 1988; x_wconf 87' lang='lat' dir='ltr'>quaeratione</span> 
     </span>
     <span class='ocr_line' id='line_1_18' title="bbox 61 2009 1078 2096; baseline -0.001 -21"><span class='ocrx_word' id='word_1_135' title='bbox 61 2016 98 2075; x_wconf 90' lang='lat' dir='ltr'>et</span> <span class='ocrx_word' id='word_1_136' title='bbox 115 2010 277 2095; x_wconf 88' lang='lat' dir='ltr'>positione</span> <span class='ocrx_word' id='word_1_137' title='bbox 297 2012 373 2075; x_wconf 89' lang='lat' dir='ltr'>data</span> <span class='ocrx_word' id='word_1_138' title='bbox 392 2015 477 2096; x_wconf 81' lang='lat' dir='ltr'>sunt,</span> <span class='ocrx_word' id='word_1_139' title='bbox 501 2010 653 2094; x_wconf 92' lang='lat' dir='ltr'>quoniam</span> <span class='ocrx_word' id='word_1_140' title='bbox 673 2033 712 2074; x_wconf 87' lang='lat' dir='ltr'>ex</span> <span class='ocrx_word' id='word_1_141' title='bbox 730 2009 782 2074; x_wconf 91' lang='lat' dir='ltr'>his</span> <span class='ocrx_word' id='word_1_142' title='bbox 801 2032 848 2095; x_wconf 81' lang='lat' dir='ltr'>ea,</span> <span class='ocrx_word' id='word_1_143' title='bbox 871 2031 953 2092; x_wconf 91' lang='lat' dir='ltr'>quae</span> <span class='ocrx_word' id='word_1_144' title='bbox 972 2010 1078 2094; x_wconf 92' lang='lat' dir='ltr'>specie</span> 
     </span>
     <span class='ocr_line' id='line_1_19' title="bbox 65 2115 1078 2201; baseline -0.001 -21"><span class='ocrx_word' id='word_1_145' title='bbox 65 2117 141 2181; x_wconf 86' lang='lat' dir='ltr'>data</span> <span class='ocrx_word' id='word_1_146' title='bbox 169 2121 258 2201; x_wconf 89' lang='lat' dir='ltr'>sunt,</span> <span class='ocrx_word' id='word_1_147' title='bbox 292 2117 473 2200; x_wconf 89' lang='lat' dir='ltr'>composita</span> <span class='ocrx_word' id='word_1_148' title='bbox 501 2121 586 2181; x_wconf 89' lang='lat' dir='ltr'>sunt.</span> <span class='ocrx_word' id='word_1_149' title='bbox 633 2121 730 2199; x_wconf 89' lang='lat' dir='ltr'>atque</span> <span class='ocrx_word' id='word_1_150' title='bbox 758 2115 822 2179; x_wconf 88' lang='lat' dir='ltr'>alia</span> <span class='ocrx_word' id='word_1_151' title='bbox 851 2137 979 2199; x_wconf 88' lang='lat' dir='ltr'>quoque</span> <span class='ocrx_word' id='word_1_152' title='bbox 1001 2115 1078 2180; x_wconf 89' lang='lat' dir='ltr'>libri</span> 
     </span>
     <span class='ocr_line' id='line_1_20' title="bbox 62 2221 1079 2308; baseline 0.001 -23"><span class='ocrx_word' id='word_1_153' title='bbox 62 2222 183 2286; x_wconf 89' lang='lat' dir='ltr'>diuisio</span> <span class='ocrx_word' id='word_1_154' title='bbox 217 2223 258 2287; x_wconf 92' lang='lat' dir='ltr'>ab</span> <span class='ocrx_word' id='word_1_155' title='bbox 291 2245 329 2287; x_wconf 96' lang='lat' dir='ltr'>eo</span> <span class='ocrx_word' id='word_1_156' title='bbox 362 2223 449 2288; x_wconf 86' lang='lat' dir='ltr'>facta</span> <span class='ocrx_word' id='word_1_157' title='bbox 477 2226 541 2307; x_wconf 84' lang='lat' dir='ltr'>est,</span> <span class='ocrx_word' id='word_1_158' title='bbox 571 2222 607 2286; x_wconf 91' lang='lat' dir='ltr'>in</span> <span class='ocrx_word' id='word_1_159' title='bbox 634 2221 874 2308; x_wconf 81' lang='lat' dir='ltr'>magnitudines</span> <span class='ocrx_word' id='word_1_160' title='bbox 902 2221 1079 2305; x_wconf 84' lang='lat' dir='ltr'>uniuersas,</span> 
     </span>
     <span class='ocr_line' id='line_1_21' title="bbox 63 2327 1079 2414; baseline 0 -23"><span class='ocrx_word' id='word_1_161' title='bbox 63 2327 167 2392; x_wconf 85' lang='lat' dir='ltr'>lineas</span> <span class='ocrx_word' id='word_1_162' title='bbox 195 2333 315 2414; x_wconf 80' lang='lat' dir='ltr'>rectas,</span> <span class='ocrx_word' id='word_1_163' title='bbox 346 2329 458 2413; x_wconf 82' lang='lat' dir='ltr'>plana,</span> <span class='ocrx_word' id='word_1_164' title='bbox 489 2328 729 2413; x_wconf 90' lang='lat' dir='ltr'>propositiones</span> <span class='ocrx_word' id='word_1_165' title='bbox 758 2329 799 2392; x_wconf 91' lang='lat' dir='ltr'>ad</span> <span class='ocrx_word' id='word_1_166' title='bbox 826 2327 982 2393; x_wconf 91' lang='lat' dir='ltr'>circulum</span> <span class='ocrx_word' id='word_1_167' title='bbox 1009 2350 1079 2411; x_wconf 88' lang='lat' dir='ltr'>per-</span> 
     </span>
     <span class='ocr_line' id='line_1_22' title="bbox 64 2433 1077 2519; baseline -0.001 -21"><span class='ocrx_word' id='word_1_168' title='bbox 64 2435 215 2499; x_wconf 89' lang='lat' dir='ltr'>tinentes.</span> <span class='ocrx_word' id='word_1_169' title='bbox 251 2434 323 2519; x_wconf 93' lang='lat' dir='ltr'>pari</span> <span class='ocrx_word' id='word_1_170' title='bbox 347 2439 457 2499; x_wconf 92' lang='lat' dir='ltr'>autem</span> <span class='ocrx_word' id='word_1_171' title='bbox 480 2435 591 2499; x_wconf 91' lang='lat' dir='ltr'>ordine</span> <span class='ocrx_word' id='word_1_172' title='bbox 616 2456 693 2499; x_wconf 90' lang='lat' dir='ltr'>usus</span> <span class='ocrx_word' id='word_1_173' title='bbox 717 2439 767 2498; x_wconf 87' lang='lat' dir='ltr'>est</span> <span class='ocrx_word' id='word_1_174' title='bbox 790 2433 889 2498; x_wconf 91' lang='lat' dir='ltr'>etiam</span> <span class='ocrx_word' id='word_1_175' title='bbox 910 2434 946 2498; x_wconf 89' lang='lat' dir='ltr'>in</span> <span class='ocrx_word' id='word_1_176' title='bbox 969 2434 1077 2497; x_wconf 85' lang='lat' dir='ltr'>defini-</span> 
     </span>
     <span class='ocr_line' id='line_1_23' title="bbox 63 2540 1079 2625; baseline -0.001 -21"><span class='ocrx_word' id='word_1_177' title='bbox 63 2541 209 2605; x_wconf 88' lang='lat' dir='ltr'>tionibus</span> <span class='ocrx_word' id='word_1_178' title='bbox 233 2541 286 2605; x_wconf 90' lang='lat' dir='ltr'>uel</span> <span class='ocrx_word' id='word_1_179' title='bbox 307 2540 545 2625; x_wconf 87' lang='lat' dir='ltr'>hypothesibus</span> <span class='ocrx_word' id='word_1_180' title='bbox 559 2540 655 2605; x_wconf 89' lang='lat' dir='ltr'>libri.</span> <span class='ocrx_word' id='word_1_181' title='bbox 701 2540 788 2605; x_wconf 93' lang='lat' dir='ltr'>uiam</span> <span class='ocrx_word' id='word_1_182' title='bbox 811 2546 920 2605; x_wconf 90' lang='lat' dir='ltr'>autem</span> <span class='ocrx_word' id='word_1_183' title='bbox 945 2540 1079 2605; x_wconf 89' lang='lat' dir='ltr'>docendi</span> 
     </span>
     <span class='ocr_line' id='line_1_24' title="bbox 63 2645 1079 2731; baseline -0.001 -21"><span class='ocrx_word' id='word_1_184' title='bbox 63 2651 194 2711; x_wconf 89' lang='lat' dir='ltr'>secutus</span> <span class='ocrx_word' id='word_1_185' title='bbox 209 2650 339 2710; x_wconf 90' lang='lat' dir='ltr'>estnon</span> <span class='ocrx_word' id='word_1_186' title='bbox 353 2647 580 2731; x_wconf 87' lang='lat' dir='ltr'>syntheticam,</span> <span class='ocrx_word' id='word_1_187' title='bbox 601 2648 657 2711; x_wconf 90' lang='lat' dir='ltr'>sed</span> <span class='ocrx_word' id='word_1_188' title='bbox 672 2647 876 2731; x_wconf 81' lang='lat' dir='ltr'>analyticam,</span> <span class='ocrx_word' id='word_1_189' title='bbox 895 2650 933 2710; x_wconf 92' lang='lat' dir='ltr'>ut</span> <span class='ocrx_word' id='word_1_190' title='bbox 947 2645 1079 2731; x_wconf 90' lang='lat' dir='ltr'>Pappus</span> 
     </span>
     <span class='ocr_line' id='line_1_25' title="bbox 62 2752 1001 2837; baseline 0.001 -21"><span class='ocrx_word' id='word_1_191' title='bbox 62 2752 146 2816; x_wconf 85' lang='lat' dir='ltr'>satis</span> <span class='ocrx_word' id='word_1_192' title='bbox 170 2753 312 2817; x_wconf 91' lang='lat' dir='ltr'>ostendit</span> <span class='ocrx_word' id='word_1_193' title='bbox 334 2753 370 2817; x_wconf 89' lang='lat' dir='ltr'>in</span> <span class='ocrx_word' id='word_1_194' title='bbox 393 2753 637 2818; x_wconf 84' lang='lat' dir='ltr'>commentariis</span> <span class='ocrx_word' id='word_1_195' title='bbox 659 2753 695 2817; x_wconf 92' lang='lat' dir='ltr'>in</span> <span class='ocrx_word' id='word_1_196' title='bbox 717 2753 839 2817; x_wconf 88' lang='lat' dir='ltr'>librum</span> <span class='ocrx_word' id='word_1_197' title='bbox 862 2753 1001 2837; x_wconf 89' lang='lat' dir='ltr'>scriptis.</span> 
     </span>
    </p>
   </div>
   <div class='ocr_carea' id='block_1_4' title="bbox 117 3601 916 3658">
    <p class='ocr_par' dir='ltr' id='par_1_4' title="bbox 117 3601 916 3658">
     <span class='ocr_line' id='line_1_26' title="bbox 117 3601 916 3658; baseline 0.004 -12"><span class='ocrx_word' id='word_1_198' title='bbox 117 3608 268 3658; x_wconf 78' lang='lat' dir='ltr'>Euclides,</span> <span class='ocrx_word' id='word_1_199' title='bbox 282 3607 333 3648; x_wconf 85' lang='lat' dir='ltr'>edd.</span> <span class='ocrx_word' id='word_1_200' title='bbox 342 3606 445 3656; x_wconf 78' lang='lat' dir='ltr'>Heiborg</span> <span class='ocrx_word' id='word_1_201' title='bbox 458 3609 481 3646; x_wconf 78' lang='lat' dir='ltr'>ot</span> <span class='ocrx_word' id='word_1_202' title='bbox 494 3607 583 3656; x_wconf 61' lang='lat' dir='ltr'>Menae.</span> <span class='ocrx_word' id='word_1_203' title='bbox 606 3607 646 3647; x_wconf 83' lang='lat' dir='ltr'>VI.</span> <span class='ocrx_word' id='word_1_204' title='bbox 884 3601 916 3649; x_wconf 75' lang='lat' dir='ltr'>ll</span> 
     </span>
    </p>
   </div>
   <div class='ocr_carea' id='block_1_5' title="bbox 0 0 1209 3840">
    <p class='ocr_par' dir='ltr' id='par_1_5' title="bbox 0 0 1209 3840">
     <span class='ocr_line' id='line_1_27' title="bbox 0 0 1209 3840; baseline 0 0"><span class='ocrx_word' id='word_1_205' title='bbox 0 0 1209 3840; x_wconf 95' lang='lat' dir='ltr'> </span> 
     </span>
    </p>
   </div>
  </div>
 </body>
</html>
