2400 3840
452 130 730 184 PROLEGOIIENA.
1034 131 1096 186 LXI

81 278 156 345 (238,
168 275 212 343 11)
230 269 397 343 περιφέρεια
415 272 514 340 (γωνία
530 270 646 341 Hardy).
675 271 764 342 ipsius
779 272 956 328 coniecturae
970 272 1095 328 tribuen-

81 355 153 410 dum
169 373 198 424 p.
208 357 269 420 454,
280 358 312 406 11
332 356 405 422 (236,
415 354 460 421 20)
478 352 704 422 καταδηλώμεθιι
723 354 959 423 (καταδηοώμεθα
977 354 1092 424 Hardy).

79 453 108 506 p.
129 438 192 502 455,
212 438 245 486 28
265 433 337 502 (242,
357 433 384 502 5)
407 430 513 485 τούτων
531 448 581 502 pro
601 431 672 486 οὕτω
696 432 783 487 scribi
800 433 922 502 mauult,
951 453 978 503 p.
997 439 1058 504 457,
1078 440 1094 488 2

79 517 154 585 (248,
173 514 201 583 3)
221 509 399 582 Ἀρχιμήδους
416 510 431 564 ὁ
451 513 577 580 Σερῆνος
600 528 651 582 pro
671 511 834 582 Ἀρχιμήδης
856 522 915 567 τοῦ
939 513 1094 581 Σερήνοο

79 594 177 661 iubet3
204 592 293 646 uerba
314 610 342 661 p.
362 595 424 660 455,
443 596 477 644 36
501 593 573 661 (242,
593 593 637 662 13)
660 592 709 646 καὶ
735 595 901 661 τρίγωνον
929 591 1094 662 ἰσόπλευρον

80 673 278 741 συστήσασθαι
296 669 417 726 delenda
436 671 539 724 censet.
568 686 602 724 ex
615 670 739 727 editione
757 672 883 742 principe
901 675 938 742 (u.
954 691 981 743 p.
995 673 1093 744 LVIII)

79 751 234 810 nonnullas
253 752 405 821 scripturas
423 750 454 804 in
472 749 529 804 imo
545 768 600 820 mg.
617 751 717 822 adfert,
735 770 762 822 p.
772 757 834 821 456,
845 758 879 807 25
897 755 1007 823 (246,1)
1026 753 1094 808 ὥστε

81 843 143 890 πᾶν
162 831 177 887 ὃ
195 832 335 903 γνώριμον
356 832 406 885 οὐκ
426 829 482 884 ἔστι
500 829 549 884 καὶ
566 829 687 901 πόριμον
704 831 820 902 recepit.

155 912 210 967 Sed
225 927 259 966 ea
277 910 340 966 laus
354 909 489 980 Gregorio
504 909 678 965 detrahenda
691 928 748 965 non
763 913 814 982 est,
834 911 910 981 quod
923 929 958 967 ex
971 912 1095 967 editione

81 994 144 1051 eius
158 993 296 1047 Datorum
315 990 410 1045 studia
423 991 454 1044 in
467 988 616 1044 Britannia
629 990 733 1045 laetius
747 991 920 1047 efflorescere
934 996 1092 1063 coeperunt.

81 1091 118 1131 ex
135 1069 418 1142 interpretationibus
437 1069 577 1141 Anglicis‚
602 1070 758 1139 dequibus
778 1090 804 1128 ιι,
823 1071 968 1143 Riocardi,
988 1072 1093 1144 Saggio

82 1154 115 1210 di
132 1169 191 1208 una
208 1150 389 1223 bibliografia
406 1150 551 1219 Eucliden,
569 1150 697 1221 Bologua
717 1155 798 1219 1887,
818 1167 1003 1207 commemoro
1023 1152 1095 1208 Sim-

81 1251 143 1304 son,
163 1234 223 1288 'I'he
236 1232 380 1288 Elementa
395 1232 426 1285 of
436 1229 538 1285 Euolid
553 1273 628 1284 .....
647 1230 696 1284 the
713 1247 811 1299 errore,
830 1231 869 1300 by
882 1232 975 1286 which
988 1233 1093 1302 Theon,

81 1333 114 1372 or
132 1314 242 1382 others,
264 1313 338 1367 have
355 1311 424 1382 long
442 1327 497 1380 ago
516 1309 638 1365 vitiated
655 1309 735 1364 these
754 1309 856 1380 books,
876 1328 924 1366 are
943 1313 1093 1367 corrected.

80 1394 152 1450 Also
178 1394 228 1447 the
249 1391 325 1447 book
348 1391 380 1446 of
400 1389 523 1445 Euclid’s
547 1390 634 1460 Data,
664 1391 694 1444 in
716 1391 774 1445 like
803 1409 920 1446 manner
942 1394 1093 1448 corrected.

79 1472 251 1545 Edinburgh
266 1477 334 1526 1823
342 1472 370 1542 ¹).
400 1471 510 1525 Simeon
528 1471 665 1525 Datorum
682 1471 788 1526 librum
806 1488 870 1526 cum
888 1476 1026 1529 statueret
1043 1491 1093 1544 per

79 1555 127 1610 tot
145 1552 260 1608 saecula
277 1551 375 1606 multis
394 1551 534 1606 editorum
551 1550 660 1605 mendis
679 1551 858 1621 inquinatum
873 1570 933 1607 esse
951 1553 1005 1607 hoc
1019 1553 1093 1608 effici

80 1633 189 1703 uoluit,
213 1635 246 1686 ut
264 1632 300 1685 ab
320 1648 354 1685 ea
373 1629 545 1700 subtilItate,
568 1647 625 1700 qua
643 1631 679 1685 ab
698 1631 816 1686 Euclide
835 1632 895 1686 sine
915 1633 1001 1687 dubio
1020 1634 1094 1686 esset

82 1711 264 1784 compositus,
283 1710 398 1781 propius
413 1710 527 1764 abesset
540 1709 767 1780 geometriaeque
784 1711 918 1765 studiosis
931 1712 1095 1766 redderetur

82 1793 190 1848 utilior.
228 1807 314 1861 quare
333 1790 461 1844 ordinem
478 1790 702 1860 propositionum
719 1783 1027 1860 mutauit,'oomplures
1046 1790 1095 1844 ad-

83 1872 173 1941 didit,
196 1871 269 1926 alias
288 1870 396 1939 omisit,
420 1873 465 1925 ter
480 1870 564 1925 binas
582 1870 613 1924 in
631 1869 757 1939 singulas
777 1869 935 1938 coniunxit,
962 1887 1048 1923 unam
1065 1869 1096 1923 in

83 1952 156 2006 duas
175 1949 287 2018 diuisit,
311 1948 341 2002 in
359 1949 646 2004 demonstrationibus
665 1949 743 2003 uiam
762 1965 795 2003 ac
813 1949 951 2003 rationem
969 1948 1095 2003 Euclidis

83 2047 170 2102 saepe
188 2029 312 2098 reliquit.
349 2028 380 2082 in
399 2029 630 2084 adnotationibus
650 2046 750 2084 causas
774 2028 889 2083 illarum
906 2029 1096 2083 mutationum

82 2109 179 2164 adfert
193 2111 279 2177 atque
294 2124 400 2162 errores
415 2109 552 2178 quosdam
566 2109 666 2164 Hardii
681 2114 709 2166 et
722 2110 850 2181 Gregorii
865 2109 969 2165 diserte
983 2111 1096 2164 demon·

83 2189 165 2242 strat.
186 2187 308 2244 Simeoni
317 2188 579 2258 iuterpretationem
588 2189 753 2246 Germanice
763 2189 901 2261 expressit
909 2191 929 2245 Ι.
940 2189 967 2244 Ο.
977 2188 1095 2245 Schwab

84 2268 280 2340 (Stutgardiae
299 2272 387 2340 1780).

156 2348 198 2402 De
226 2347 361 2416 Peyrardi
394 2348 517 2403 editione
544 2349 753 2405 Elementorum
784 2352 813 2404 et
839 2349 990 2418 Botorum,
1023 2366 1095 2418 quae

84 2447 110 2484 a.
122 2433 299 2484 1814-1818
312 2428 431 2483 Parisiis
445 2428 536 2484 tribus
550 2429 741 2483 uoluminibus
751 2428 856 2484 Graece
866 2429 967 2483 Latine
976 2428 1096 2484 Ilranco·

83 2507 190 2582 gallice
208 2507 322 2578 prodiit,
340 2526 368 2562 u.
386 2527 414 2578 p.
428 2508 455 2563 V
474 2511 503 2563 et
521 2509 576 2564 uol.
591 2509 617 2563 V
634 2529 661 2581 p.
677 2509 770 2565 CXIII.
807 2509 956 2578 Datorum,
976 2510 1096 2579 quaein

82 2588 171 2644 tertio
194 2587 338 2642 uolumine
361 2587 493 2643 editionis
517 2589 626 2659 insunt,
654 2589 811 2658 Peyrardus
836 2588 963 2643 habebat
985 2589 1095 2644 codices

84 2669 326 2740 quattuordecim,
345 2673 458 2740 praeter
475 2670 540 2725 Vat.
561 2675 612 2723 190
632 2672 661 2725 et
679 2670 743 2724 Vat.
765 2675 833 2724 1038
853 2668 1000 2723 duodecim
1018 2669 1096 2723 Pari·
1118 2681 1120 2686 ’

83 2750 177 2819 sinos,
203 2766 271 2818 quos
291 2749 321 2803 in
337 2750 425 2820 praef.
446 2751 502 2804 uol.
517 2751 531 2804 Ι
548 2769 576 2820 p.
591 2749 707 2804 XXVIII
717 2766 757 2818 sq.
777 2750 930 2803 enumerat.
967 2749 997 2801 in
1014 2748 1096 2802 Datis

83 2846 198 2900 quoque
217 2829 312 2884 codiee
325 2829 391 2884 Vat.
407 2836 459 2885 190
473 2830 516 2884 ita
529 2846 596 2884 usus
610 2832 661 2899 est,
680 2832 713 2883 ut
726 2829 791 2883 inde
805 2828 902 2882 multis
916 2828 985 2882 loeis
999 2827 1096 2898 genui-

84 2925 154 2963 nam
172 2906 339 2978 scripturam
357 2908 524 2964 restitueret.
561 2926 614 2963 nec
631 2911 728 2964 tamen
746 2926 830 2964 ausus
850 2911 893 2962 est
912 2925 945 2962 ex
963 2907 1095 2962 editionis

84 2986 253 3044 Oxoniensis
267 2987 387 3042 uinculis
401 2987 482 3058 liber,
501 2991 533 3042 ut
548 2989 637 3057 aiunt,
656 2987 776 3044 euolare.
805 3004 861 3057 quo
874 2988 981 3042 factum
996 2989 1045 3055 est,
1064 2988 1097 3059 ut

84 3084 194 3139 magna
211 3084 277 3138 pars
298 3070 326 3122 et
344 3068 593 3138 interpolationum
616 3069 730 3123 illarum
752 3069 817 3124 Vat.
831 3074 899 3122 ιιι.2
923 3071 952 3122 et
973 3084 1097 3122 errorum

85 3146 216 3218 Gregorii
239 3147 285 3201 uel
307 3148 402 3218 potius
425 3148 526 3203 Hardii
549 3149 579 3202 in
601 3148 737 3218 Peyrardi
761 3148 914 3203 editionem
939 3147 1095 3217 inrepserit.

160 3326 186 3393 1)
204 3324 265 3378 Hac
284 3324 407 3379 editione
427 3325 557 3394 equidem
574 3332 643 3381 usus
662 3342 735 3394 sum;
753 3324 876 3396 primum
893 3324 969 3379 Data
985 3325 1095 3381 Simeon

84 3395 243 3539 {appensis
265 3395 410 3449 addidisse
434 3397 548 3452 uidetur
566 3398 596 3452 in
615 3395 739 3452 editione
763 3413 788 3451 a.
810 3401 891 3466 17563
919 3414 946 3450 u.
964 3395 1095 3452 Riccardi
