2400 3840
516 120 622 173 DATA.
1012 113 1074 177 177

64 276 98 336 Δ
105 272 139 334 Γ.
185 267 339 352 quoniam
372 265 484 329 datum
516 266 566 327 est
599 267 772 346 utrumque
801 266 829 325 Β
835 312 843 346 ,
866 266 900 325 Δ
930 259 1005 344 [def.
1029 258 1074 343 6],

64 376 227 462 positione
260 375 335 438 data
363 371 426 435 erit
454 373 517 433 BA
545 369 649 453 [prop.
668 367 801 452 XXVI}
857 371 890 431 et
922 366 1076 450 quoniam

436 476 531 539 datus
546 480 597 539 est
609 481 630 550 ί,
641 478 745 560 ΒΑΓ,
764 475 858 538 datus
873 473 935 537 erit
949 477 1043 548 [ΒΛ
1049 474 1082 535 Γ

437 581 511 667 [HL
534 583 589 664 203
612 604 703 665 prop.
721 580 780 665 II].
829 579 895 644 ium
922 578 1076 662 quoniam

437 690 477 753 ad
517 693 639 753 rectam
683 687 845 772 positione
889 687 998 749 datam
1043 668 1077 749 et

436 800 593 878 punctum
623 795 659 858 in
690 816 728 858 ea
758 793 903 878 positum
925 799 958 856 Δ
988 797 1078 856 recta

437 902 532 967 ducta
575 905 625 966 est
664 905 739 966 ΔΓ
779 900 891 965 datum
934 899 1077 964 efficiens

438 1007 594 1093 angulum
618 1011 720 1091 ΒΔΓ,
745 1008 821 1071 data
844 1008 906 1072 erit
927 1010 998 1071 ΔΓ
1020 1029 1076 1091 po-

438 1114 466 1177 si
467 1114 556 1178 tione
603 1114 710 1200 [prop.
752 1113 887 1198 XXIX}
964 1136 1078 1178 uerum

437 1219 535 1285 etiam
550 1221 688 1287 circulus
698 1226 795 1287 ΑΒΓ
806 1220 976 1306 positione
983 1222 1077 1285 datus

67 1331 126 1391 est.
170 1347 247 1411 ergo
270 1271 427 1409 punctum
451 1331 483 1392 Γ
501 1328 615 1393 datum
638 1333 688 1393 est
711 1328 815 1413 [prop.
834 1327 951 1412 xm.

535 1521 600 1588 XO.

138 1644 172 1710 Si
195 1668 214 1709 a
237 1645 314 1710 dato
337 1649 458 1730 puncto
482 1650 572 1710 recta
590 1646 719 1711 ducitur
740 1638 898 1712 'circulum
917 1647 1079 1730 positione

70 1754 182 1817 datum
206 1751 412 1837 contingens,
440 1752 536 1816 ducta
563 1757 653 1817 recta
681 1752 756 1816 data
779 1756 828 1816 est
855 1752 1017 1836 positione
1045 1758 1078 1817 et

71 1858 304 1945 magnitudine.

136 1987 212 2062 nam
236 1987 255 2028 a
278 1964 353 2028 dato
376 1969 498 2049 puncto
518 1968 551 2028 Γ
568 1969 656 2030 recta
679 1967 816 2031 ducatur
840 1971 900 2032 ΓΑ
923 1966 1079 2032 circulum

68 2071 232 2157 positione
260 2071 372 2134 datum
399 2076 466 2135 AB
498 2071 696 2156 contingens.
751 2073 822 2138 dico
828 2126 837 2158 ,
868 2078 990 2138 rectam
1019 2077 1080 2138 ΓΑ

597 2182 706 2245 datam
742 2202 812 2246 esse
847 2180 1010 2265 positione
1047 2184 1080 2244 et

597 2288 828 2373 magnitudine.

655 2399 802 2461 sumatur
825 2395 910 2460 enim
934 2398 1081 2459 centrum

598 2503 710 2569 circuli
724 2510 766 2589 A,
785 2507 818 2567 et
833 2503 991 2567 ducantur
1005 2506 1080 2584 ΔΑ,

598 2617 631 2674 A
637 2614 672 2675 Γ.
718 2610 871 2695 quoniam
895 2609 1006 2672 datum
1030 2612 1081 2671 est

597 2721 770 2801 utrumque
793 2718 889 2797 Δ,Γ,
921 2715 997 2778 data
1019 2714 1082 2777 erit

471 2851 519 2908 „1⁷
598 2826 669 2887 ΔΓ
705 2822 813 2906 [prop.
846 2820 984 2905 XXVI}
1048 2824 1081 2883 et

598 2935 695 3006 [ΔΑ
701 2932 733 2993 Γ
743 2933 850 2992 rectus
866 2932 915 2991 est
930 2923 1081 3010 [111,18].

72 3041 183 3124 itaque
211 3040 431 3104 semicirculus
461 3039 496 3102 in
518 3041 590 3104 ΛΓ
618 3034 797 3118 descriptus
827 3055 885 3118 per
908 3038 940 3095 A
972 3030 1081 3095 ueniet

74 3146 247 3233 [111,31].
306 3138 417 3211 ueiriat
455 3149 488 3210 et
525 3145 568 3209 sit
601 3149 667 3207 ΔΑ
673 3144 708 3205 Γ.
771 3140 883 3224 itaque
920 3135 1081 3222 positione

74 3255 168 3318 datus
193 3257 243 3318 est
266 3259 333 3317 ΔΑ
339 3256 371 3317 Γ
393 3251 468 3337 [def.
493 3250 536 3334 8].
582 3271 696 3313 uerum
723 3245 821 3310 etiam
850 3242 988 3341 circulus
1015 3247 1082 3306 AB
1138 3307 1145 3322 ‚

72 3399 286 3407 ———.---

143 3482 176 3535 In
194 3482 239 3551 fig.
260 3488 276 3535 2
294 3497 345 3549 pro
365 3484 386 3532 Β
405 3478 462 3532 hab
482 3482 507 3532 Ε
525 3478 621 3532 Vatv.

125 3581 276 3633 Euclides,
291 3579 453 3629 cddflcibcrg
467 3581 490 3618 ct
503 3579 593 3628 Mcnge.
616 3578 655 3618 VI.
890 3567 925 3614 ΓΔ
