2400 3840
512 182 678 235 εοΗοιΙε.
1037 181 1103 245 279

87 327 217 408 δοθείς,
244 322 300 390 καὶ
322 325 423 390 πόλιν
446 333 506 389 τοῦ
530 317 599 389 ΑΕ
623 325 706 409 πρὸς
728 324 836 390 πόντοι
863 328 922 389 καί
947 324 1016 390 ἐστι
1043 334 1104 390 τοῦ

88 437 152 498 ΕΒ
175 433 258 519 πρὸς
280 433 420 516 πόντοιό

158 559 208 622 76.
238 554 325 620 Ἐπεὶ
350 552 411 622 οὖν
435 557 587 639 συνήχθη
612 555 629 620 ὁ
653 564 713 620 τοῦ
737 560 797 620 ΓΖ
820 557 904 641 πρὸς
923 560 984 619 ΖΔ
1007 559 1105 639 λόγος

87 665 214 746 δοθείς,
236 674 340 727 κεῖται
364 660 400 727 δὲ
423 660 478 727 καὶ
501 671 561 727 τοῦ
579 667 644 727 ΕΒ
666 663 750 747 πρὸς
769 667 836 727 ΖΛ
859 664 957 745 λόγος
980 663 1104 746 δοθείς,

86 768 143 835 ’καὶ
162 778 222 834 τοῦ
243 772 304 833 ΓΖ
324 770 387 853 ἄρα
405 770 489 855 πρὸς
506 773 571 833 ΕΒ
592 771 690 851 λόγος
709 766 777 833 ἐστὶ
796 766 912 844 δοθεὶς
930 769 986 832 διδ
1004 770 1041 833 τὸ
1060 767 1103 852 η’.
1141 776 1157 824 5

87 877 190 941 πόλιν
214 873 283 940 ἐπεὶ
306 875 324 940 ὁ
347 884 407 939 τοῦ
426 879 496 939 ΑΕ
515 876 598 960 πρὸς
617 879 680 939 ΕΒ
704 877 803 956 λόγος
825 873 894 939 ἐστὶ
913 875 1037 957 δοθείς,
1061 875 1106 952 ὡς

87 981 234 1065 ἐδείχθη,
256 992 361 1046 κεῖται
384 977 421 1045 δέ
444 980 499 1045 καὶ
527 981 545 1046 ὁ
568 989 628 1046 τοῦ
650 985 714 1045 ΕΒ
736 982 820 1066 πρὸς
844 984 1027 1063 ΖΔλόγος
1050 981 1105 1045 δο-

87 1090 177 1170 θείς,
200 1086 255 1152 καὶ
279 1087 297 1152 ό
320 1096 381 1152 τοῦ
404 1092 473 1151 ΑΕ
494 1088 558 1172 ἄρα
581 1087 665 1172 πρὸς
688 1091 754 1151 ΖΔ
777 1089 875 1170 λόγος
899 1085 967 1152 ἐστὶ
990 1085 1106 1163 δοθεὶς

87 1194 204 1258 διὰτὸ
228 1192 271 1277 η’.
317 1192 372 1258 καὶ
396 1191 466 1258 ἐπεὶ
489 1195 529 1257 τὰ
552 1198 634 1278 ΑΕ,
653 1198 717 1258 ΕΒ
745 1194 828 1280 πρὸς
855 1195 981 1277 ἄλληλα
1004 1196 1105 1276 λόγον

88 1302 154 1383 ἔχει
183 1299 377 1385 δεδομένον,
410 1297 465 1364 κοιλ
496 1300 534 1365 τὸ
563 1301 643 1365 όλον
674 1301 711 1365 τὸ
740 1305 806 1365 ΑΒ
838 1301 921 1385 πρὸς
951 1298 1105 1386 ἑκάτερον
1125 1310 1159 1358 10

88 1417 157 1470 τῶν
179 1411 256 1490 ΑΕ,
275 1411 338 1470 ΕΒ
363 1408 464 1488 λόγον
488 1409 552 1489 ἔχει
572 1403 752 1490 δεδομένον
771 1406 883 1471 διὰτὸ
903 1405 944 1474 ς’.
984 1406 1106 1490 ὁμοίως

88 1510 204 1578 δὲκαὶ
227 1514 264 1578 τὸ
284 1517 345 1578 ΓΛ
368 1513 451 1597 πρὸς
474 1510 628 1596 ἑκάτερον
650 1523 718 1577 τῶν
738 1514 809 1595 ΓΖ,
830 1516 892 1576 ΖΛ
916 1514 1017 1594 λόγον
1041 1516 1106 1596 ἔχει

88 1617 279 1703 δεδομένον.
324 1617 380 1684 καὶ
409 1616 477 1683 ἐπεὶ
505 1619 541 1682 τὸ
566 1622 632 1682 AB
659 1619 743 1702 πρὸς
765 1618 802 1682 τὸ
827 1621 887 1683 ΓΛ
914 1621 1016 1701 λόγον
1040 1622 1105 1703 ἔχει

87 1723 284 1810 δεδομένον,
321 1728 386 1810 ἔχει
418 1722 455 1789 δέ
487 1722 543 1790 καὶ
573 1725 610 1789 τὸ
640 1728 700 1790 ΓΛ
736 1726 820 1809 πρὸς
851 1722 1006 1810 ἑκάτερον
1037 1737 1105 1790 τῶν

90 1835 162 1914 ΓΖ,
183 1836 244 1895 ΖΛ
267 1834 368 1914 λόγον
392 1830 587 1916 δεδομένον,
610 1828 726 1896 καὶτὸ
749 1836 815 1896 ΑΒ
839 1833 904 1918 ἄρα
926 1833 1010 1918 πρὸς
1032 1829 1104 1896 έκό-
1124 1841 1161 1891 15

88 1960 186 2023 τερον
213 1948 281 2002 τῶν
306 1940 380 2021 ΓΖ,
406 1942 471 2002 ΖΔ
499 1941 600 2020 λόγον
623 1940 689 2020 ἔχει
712 1936 892 2022 δεδομένον
920 1939 1036 2003 διὰτὸ
1059 1938 1104 2021 η’.

83 2043 211 2127 ὁμοίως
238 2039 276 2107 δὲ
302 2042 357 2107 καὶ
384 2045 421 2108 τὸ
451 2047 513 2109 ΓΛ
544 2044 627 2127 πρὸς
659 2042 813 2129 ἑκάτερον
840 2055 908 2108 τῶν
936 2049 1017 2126 ΑΕ,
1040 2048 1104 2108 ΕΒ

87 2153 191 2232 λόγον
215 2152 279 2233 ἔχει
303 2149 496 2235 δεδομένον·
521 2151 604 2216 ὥστε
626 2150 734 2214 πάντα
756 2151 840 2235 πρὸς
857 2150 966 2214 πάντα
980 2153 1105 2233 λόγους

87 2259 154 2339 ἔχει
178 2255 387 2341 δεδομένους.

444 2415 496 2481 'Ad
518 2439 609 2502 prop.
634 2415 751 2482 XXIV.
1122 2425 1160 2474 20

159 2543 209 2605 υ.
242 2542 408 2624 mmm,
431 2552 500 2606 τεν
522 2548 566 2625 Δ,
588 2546 615 2605 z
638 2566 667 2626 p.
687 2543 745 2626 44,
764 2541 821 2625 20]
851 2540 912 2606 οοο
937 2510 1104 2605 mam

89 2647 234 2711 εὐθειῶν
257 2645 360 2731 μέσην
383 2647 549 2730 ἀνάλογον
571 2658 779 2733 προσευρεῖν.

163 2772 214 2836 78.
255 2767 373 2834 Λοθδν
405 2769 442 2834 δὲ
478 2772 515 2835 τὸ
552 2771 617 2835 ὑπὸ
655 2781 722 2835 τῶν
755 2775 804 2852 Δ,
833 2774 860 2833 Ζ
896 2793 926 2853 p.
954 2770 1013 2852 44,
1046 2767 1102 2851 22]

90 2875 159 2941 ἐπεὶ
191 2877 254 2961 γὰρ
288 2876 456 2961 ἐμάθομεν
488 2875 525 2940 ἐν
556 2887 626 2952 τοῖς
658 2876 763 2961 ὅροις,
801 2875 851 2940 ότι
884 2874 1105 2959 εὐθύγραμμοι

88 3066 585 3194 Ab'16.ZPlVatsMonAmbnqz.
665 3072 706 3121 77.
726 3066 756 3120 P.
830 3070 871 3120 78.
891 3064 1103 3119 P1Vat.vM0n.

115 3158 144 3193 m
163 3157 235 3207 up.
854 3178 856 3180 .

163 3323 186 3371 1.
207 3315 275 3388 ἐστι]
295 3315 359 3370 fort.
381 3315 428 3370 ἔτι.
485 3321 508 3370 6.
529 3315 556 3387 δ]
576 3332 629 3370 om.
644 3313 819 3369 Mon.Ambr.
875 3313 912 3375 ὡς
944 3331 960 3379 ρ
988 3310 1104 3364 sustulit

88 3388 142 3441 lac.
162 3387 291 3456 bombyc.
305 3388 390 3457 Mon„
410 3403 463 3441 om.
483 3389 549 3441 cett.
606 3391 628 3440 7.
649 3383 776 3457 ἐδείχθη]
796 3383 817 3439 έ.
837 3382 890 3455 γάρ
962 3355 1004 3436 ΒΓ.
1061 3387 1103 3436 16.

88 3457 263 3601 mni-381..
278 3455 444 3529 δεδομένον]
469 3474 522 3512 om.
546 3458 611 3512 Vat.
621 3458 695 3510 Mon.
706 3456 800 3511 Ambr.
892 3461 935 3510 24.
965 3451 1023 3525 ότι]
1049 3470 1105 3508 om.
