2400 3840
105 172 169 236 100
489 168 695 221 AEAOMENA.

105 317 203 397 λόγος
239 315 303 399 ἄρα
339 321 399 376 τοῦ
434 317 466 375 Α
502 312 585 396 πρὸς
621 311 658 375 τὸ
692 315 725 373 Δ
762 310 884 384 δοθείς.
941 311 999 372 καί
1030 306 1121 371 ἐστιν

106 422 222 504 ὅμοιον
245 420 282 483 τὸ
306 425 339 483 Α
361 427 407 505 τῷ
431 423 479 480 Δ·
503 418 601 498 λόγος
624 417 688 501 ἄρα
711 424 769 498 τῆς
787 420 850 494 ΕΖ
874 415 956 500 πρὸς
979 415 1040 496 τὴν
1059 416 1128 478 ΒΓ

107 528 230 602 δοθείς.
281 525 421 589 δοθεῖσα
450 519 487 587 δὲ
514 522 534 605 ἡ
558 524 639 586 ΒΓ·
671 522 811 586 δοθεῖσα
839 522 903 605 ἄρα
925 517 980 583 καὶ
1004 519 1024 602 ἡ
1048 523 1121 582 ΕΖ.

106 636 164 696 καί
185 631 254 696 ε’σπι
277 633 376 713 λόγος
397 638 455 712 τῆς
474 633 538 692 ΖΕ
559 629 642 714 πρὸς
660 628 721 710 τὴν
739 630 813 691 ΕΗ
831 626 958 701 δοθείς·
982 626 1123 688 δοθεῖσα

70 739 169 823 ῖᾶρα
192 735 247 801 καὶ
270 736 388 819 ἡΕΗ.
430 736 486 798 διὰ
508 735 548 798 τὰ
571 733 655 797 αὐτὰ
679 733 720 816 δὴ
743 730 798 797 καὶ
822 729 938 813 ἑκάστη
963 741 1029 794 τών
1053 735 1122 794 λοι-

106 854 178 908 πῶν
201 841 333 906 δέδοται
356 851 401 929 τῷ
425 838 567 925 μεγέθει.

582 1089 645 1137 νς.

176 1192 252 1257 Ἐδιν
275 1194 338 1257 δύο
362 1194 521 1274 ἰσογώνια
542 1193 868 1277 παραλληλόγραμμα
892 1192 976 1275 πρὸς
998 1192 1124 1273 ἄλληλα

108 1301 209 1381 λόγον
232 1301 289 1383 ἔχη
313 1293 510 1380 δεδομένον,
538 1300 628 1361 ἔσται
647 1296 692 1372 ὡς
714 1297 734 1379 ἡ
757 1305 817 1360 τοῦ
840 1297 974 1381 πρώτον
996 1297 1124 1381 πλευρὰ

56 1416 89 1465 10
107 1405 190 1489 πρὸς
219 1404 279 1486 τὴν
306 1412 366 1467 τοῦ
390 1400 548 1488 δευτέρου
571 1401 732 1488 πλευράν,
765 1401 871 1477 οὕτως
897 1402 917 1485 ἡ
941 1402 1038 1485 λοιπὴ
1063 1410 1123 1465 τοῦ

109 1508 267 1596 δευτέρου
289 1510 416 1595 πλευρὰ
442 1509 525 1595 πρὸς
551 1507 594 1590 ἣν
616 1508 637 1591 ἡ
661 1505 754 1593 ἑτέρα
781 1516 842 1571 ποῦ
864 1509 998 1593 πρώτον
1022 1510 1123 1589 λόγον

108 1619 173 1700 ἔχει
211 1612 405 1699 δεδομένον,
442 1613 481 1679 ὃν
518 1616 555 1678 τὸ
591 1616 935 1699 παραλληλόγραμμον
970 1615 1054 1699 πρὸς
1086 1615 1123 1678 τὸ

108 1723 461 1807 παραλληλόγραμμον.

175 1828 237 1891 δύο
261 1827 325 1912 γὰρ
351 1829 509 1910 ἰσογώνια
531 1813 855 1913 παραλληλόγραμμα
873 1826 913 1889 τὰ
932 1829 1017 1907 Α,Β
1040 1826 1125 1910 πρὸς

57 1943 89 1990 15
110 1934 235 2014 ἄλληλα
258 1936 360 2015 λόγον
383 1930 480 2016 ἐχέτω
504 1931 696 2016 δεδομένον·
725 1929 824 2014 λέγω,
847 1931 898 1995 ὅτι
922 1927 1011 1995 ἐστὶν
1035 1930 1081 2005 ὡς
1104 1930 1124 2013 ἡ

111 2041 173 2102 ΓΔ
195 2040 278 2125 πρὸς
300 2040 362 2122 την
380 2042 455 2120 ΕΖ,
479 2037 584 2114 οὕτως
603 2038 624 2121 ἡ
643 2040 717 2101 ΕΗ
735 2038 817 2121 πρὸς
835 2036 878 2118 ἣν
896 2036 916 2119 ἡ
937 2039 1000 2100 ΓΘ
1022 2039 1124 2118 λόγον

111 2146 176 2227 ἔχει
199 2142 389 2228 δεδομένον,
413 2143 453 2208 ὃν
471 2145 508 2208 τὸ
527 2150 559 2207 Α
581 2146 923 2229 παραλληλόγραμμον
941 2143 1024 2228 πρὸς
1042 2143 1079 2206 τὸ
1095 2145 1124 2205 Β

110 2252 463 2336 παραλληλόγραμμον.

178 2355 390 2439 ἐκβεβλήσθω
410 2355 473 2440 γὰρ
493 2352 543 2419 ἐπ’
564 2355 697 2430 εὐθείας
715 2363 773 2436 της
792 2356 855 2418 ΓΘ
877 2353 992 2416 εὐθεῖα
1011 2352 1031 2435 η
1049 2356 1124 2435 ΓΚ,

57 2470 92 2518 20
110 2458 165 2524 καὶ
187 2462 381 2543 πεποιήσθω
405 2460 450 2536 ώς
472 2460 492 2543 ἡ
517 2463 578 2524 ΓΛ
600 2462 683 2546 πρὸς
705 2461 766 2544 τὴν
789 2464 863 2542 ΕΖ,
886 2458 992 2534 οὕτως
1014 2458 1034 2541 ἡ
1053 2462 1129 2522 ΕΗ

110 2565 193 2649 πρὸς
215 2565 276 2648 τὴν
297 2567 369 2648 ΓΚ,
392 2563 449 2629 καὶ
467 2566 762 2650 συμπεπληρώσθω
782 2566 819 2629 τὸ
838 2568 896 2629 ΓΛ
918 2567 1124 2649 παραλληλό-

109 2693 270 2756 γραμμον.
326 2668 396 2735 ἐπεὶ
424 2667 486 2737 οὖν
513 2672 603 2736 ἐστιν
635 2672 680 2748 ὡς
706 2673 727 2756 ἡ
757 2674 818 2736 ΓΔ
847 2672 930 2757 πρὸς
961 2671 1022 2754 την
1049 2674 1126 2753 ΕΖ,

111 2775 217 2852 οὕτως
243 2776 264 2859 η
286 2780 361 2840 ΕΗ
387 2778 471 2863 πρὸς
499 2778 560 2861 τὴν
584 2780 662 2861 ΓΚ,
696 2783 749 2860 λ’ση
778 2775 819 2841 δέ
839 2774 929 2841 ἐστιν
956 2776 976 2859 η
1001 2779 1061 2841 ΓΛ
1084 2787 1125 2861 τῇ

110 2885 184 2965 ΚΛ,
208 2884 298 2946 ἔστιν
321 2883 385 2967 ἄρα
408 2883 453 2960 ώς
476 2883 579 2966 ηΚΛ
600 2885 684 2969 πρὸς
706 2884 766 2967 τὴν
784 2887 859 2965 ΕΖ,
882 2882 988 2957 οὕτως
1010 2882 1030 2965 ἡ
1054 2886 1130 2946 ΕΗ

57 2998 91 3045 25
110 2990 193 3073 πρὸς
223 2989 284 3072 τὴν
313 2991 386 3054 ΓΚ.
441 2986 496 3053 καὶ
522 2987 598 3075 περὶ
626 2994 700 3065 ῖσας
729 2993 853 3071 γωνίας
879 2990 938 3065 τὰς
963 2987 1028 3052 ὑπὸ
1056 3000 1125 3053 πῶν

184 3220 207 3268 1.
227 3213 314 3285 ἐστιν]
334 3230 387 3268 om.
408 3214 473 3269 Vat.
550 3219 575 3269 3.
599 3215 720 3268 δοθεῖσα
739 3211 770 3268 δὲ
789 3214 806 3284 η
827 3215 906 3337 ΒΓὲ
922 3230 975 3268 om.
994 3214 1025 3267 P.
1100 3219 1124 3268 ὁ.

113 3281 225 3355 ἑκάστη]
247 3282 365 3353 ἑκατέρα
382 3285 410 3338 b.
504 3291 528 3340 6.
551 3282 677 3356 δέδοται]
698 3302 750 3340 om.
769 3285 797 3338 b.

113 3353 214 3424 altera,
239 3373 265 3409 u.
286 3373 349 3425 app.
431 3360 455 3408 8.
474 3355 758 3426 παραλληλόγραμμα]
783 3355 965 3425 οοωμ,Ἲωλ.,
993 3354 1124 3409 omnibus

112 3422 214 3477 litteris
242 3443 278 3479 m.
298 3432 322 3480 2.
414 3425 498 3495 λόγον
522 3426 569 3498 ἔχη
592 3427 662 3495 πρὸς
681 3425 784 3496 ἄλληλα
806 3423 960 3495 δεδομένον
983 3426 1010 3480 b.
1099 3431 1123 3480 9.

115 3491 174 3564 ἔχη]
200 3516 231 3566 -η
255 3511 323 3551 corr.
344 3512 378 3550 ex
397 3515 423 3550 ει
440 3502 512 3552 m.2
535 3515 561 3551 v.
653 3503 695 3551 12.
721 3496 768 3569 ἔχη
786 3497 851 3550 Vat.
952 3495 998 3568 ὅν]
1023 3514 1076 3551 om.
1096 3497 1124 3551 b.

909 3300 951 3352 eq.
972 3285 1124 3339 demonstr.
