2400 3840
458 155 737 209 PROLEGOMENA.
1066 152 1103 207 LI

89 298 301 369 διαγράμμασιν
325 295 377 361 ἕως
398 305 447 352 τοῦ
466 298 494 352 ο’
514 296 563 352 καὶ
580 296 615 351 θ’
635 296 687 350 δύο
711 293 762 366 μέν
786 291 860 350 ἔστιν
884 294 929 349 ἐπὶ
951 295 1102 365 τριγώνων,

88 379 122 434 δ’
139 378 170 433 δὲ
190 374 237 432 ἐπὶ
254 377 393 432 πλειόνων
411 377 532 432 εὐθειῶν
551 375 690 446 ἀνάλογον
709 372 808 432 οὐσῶν.
836 375 871 429 cd
888 375 920 430 δὲ
935 369 999 444 ἑξῆς
1011 375 1039 445 γ’
1056 373 1102 429 ἐπὶ

88 458 145 513 δύο
168 459 290 513 εὐθειῶν
315 456 467 529 [ἀνάλογον
491 458 596 524 οὐσῶν,
618 456 653 510 τὰ
677 453 705 509 δ’
727 452 814 526 ἔστιν]
822 457 842 525 1)
865 453 954 510 δοθέν
975 475 1002 509 ιι
1025 473 1103 524 περι-

88 546 214 609 εχουσῶν
237 539 348 608 χοιρίον.
395 537 429 592 τὰ
453 535 485 592 δὲ
509 532 556 592 ἐπὶ
578 545 664 590 πᾶσιν
687 535 718 604 η’
740 533 790 597 ἕως
812 543 862 589 τοῦ
886 534 916 606 q'
938 530 968 588 ἐν
992 534 1103 597 κύκλοις

88 620 237 673 δείκνυται
255 624 314 680 τοῖς
332 617 383 688 μὲν
402 614 517 688 μεγέθει
535 615 623 686 μόνον
642 612 813 685 δεδομένοις,
831 620 890 677 τοῖς
903 614 935 669 δὲ
949 614 998 669 καὶ
1013 612 1101 669 θέσει.

89 695 275 770 [*ἀγομε’νον
294 699 415 753 εὐθειῶν
434 697 508 752 ἐστιν
532 696 580 752 διὰ
604 694 757 766 δεδομένον
777 692 892 765 σημείου
912 694 947 749 τὰ
964 691 1103 764 γενόμενα

88 776 283 850 δεδομέναᾺ])

162 855 275 927 Pappus
293 856 382 927 igitur
398 856 555 928 nonaginta
567 855 773 925 propositiones
786 854 888 909 habuit
902 854 1103 909 accidendum

89 937 149 1004 est,
173 953 244 1004 quas
263 952 298 990 ex
315 931 472 1007 nonaginta
490 936 663 1006 quattuor⁸,)
687 951 760 1027 quae
783 935 814 989 in
835 935 940 990 nostris
958 933 1102 989 codicibus

88 979 286 1082 mnbniuntur,
312 1035 369 1071 non
386 1017 554 1086 habuerit⁴)
593 1018 677 1084 atque
700 1017 732 1070 in
749 1017 846 1087 primis
868 1015 1016 1087 sexaginta
1034 1014 1103 1067 dua-

88 1095 175 1165 bus³)
193 1097 433 1167 propositionibus
446 1096 538 1167 Pappi
556 1095 739 1150 summarium
757 1114 821 1151 cum
839 1097 984 1152 codicibus
1000 1093 1103 1149 nostris

88 1175 253 1232 concordat.
282 1193 317 1231 ex
335 1176 574 1247 propositionibus
593 1167 698 1230 68-66
717 1194 802 1232 unam
820 1196 877 1232 non
894 1175 995 1231 habuit
1012 1189 1103 1244 neque

88 1254 152 1321 alia
170 1253 231 1310 es'se
249 1259 344 1327 potest
362 1257 419 1311 nisi
435 1273 513 1328 prop.
530 1261 572 1325 63,
591 1273 664 1325 quae
682 1272 698 1311 e
716 1275 794 1328 prop.
809 1264 843 1311 49
862 1256 998 1312 facillime
1017 1253 1103 1310 effici-

88 1338 146 1390 tur.
184 1339 338 1405 sequuntur
361 1337 493 1407 deinceps
516 1336 593 1406 apud
615 1336 743 1406 Pappum
769 1339 876 1408 septem
897 1335 1104 1406 propositiones

90 1416 128 1471 dc
146 1417 429 1489 parallelogrammis,
447 1417 479 1471 in
495 1416 599 1470 nostris
619 1419 714 1471 autem
728 1417 872 1472 codicibus
892 1419 957 1471 sunt
971 1416 1103 1485 quinque,

89 1511 193 1566 propp.
208 1501 251 1564 68,
271 1502 313 1566 69,
335 1501 376 1566 70,
398 1502 440 1568 73,
461 1502 502 1551 74.
540 1495 706 1550 crediderim
728 1497 759 1550 in
782 1496 935 1567 exemplari
958 1496 1017 1550 eius
1040 1510 1103 1564 pro-

88 1575 247 1645 positiones
267 1582 300 1630 70
319 1579 348 1631 et
368 1583 400 1630 73
420 1576 450 1631 in
467 1575 550 1630 binas
569 1575 675 1630 diuisas
695 1577 782 1633 fuisse
802 1581 831 1632 et
848 1576 1053 1648 propositiones
1068 1575 1103 1628 de

89 1656 242 1726 triangulis
252 1660 306 1726 (71,
314 1663 355 1725 73,
363 1659 406 1727 75)
416 1660 563 1726 tamquam
573 1652 717 1726 ἐπιλόγους
727 1658 849 1713 numeris
860 1658 995 1723 caruisse;
1009 1654 1103 1721 miror,

89 1737 168 1806 quod
186 1753 264 1807 prop.
280 1742 314 1790 74
333 1736 426 1791 diuisa
443 1753 501 1791 non
519 1738 587 1791 erat.
620 1753 684 1790 cum
702 1738 774 1793 duae
794 1754 866 1807 quae
886 1737 962 1807 apud
976 1736 1104 1804 Pappum

89 1819 249 1885 sequuntur
265 1815 470 1887 propositiones
490 1813 537 1872 ἐπὶ
550 1817 690 1886 τριγώνων
709 1817 839 1888 intellegi
856 1834 913 1870 non
926 1815 1036 1887 possint
1048 1812 1104 1867 nisi

88 1913 190 1968 propp.
212 1902 245 1951 76
265 1899 293 1952 et
312 1903 360 1966 80,
384 1897 516 1966 efficitur,
540 1896 570 1950 in
593 1896 746 1967 exemplari
765 1898 825 1952 eius
851 1914 948 1966 propp.
969 1901 1002 1948 77
1022 1894 1051 1948 et
1070 1896 1103 1945 78

90 1976 216 2031 defuisse
234 1993 285 2032 nec
299 1977 486 2048 propositioni
501 1982 543 2045 79,
562 1977 638 2046 quod
656 1993 755 2047 reapse
771 1976 874 2032 lemma
888 1979 938 2045 est,
957 1989 1104 2028 numerum

88 2056 267 2127 adscriptum
284 2057 378 2112 fuisse.
416 2059 550 2126 quattuor
569 2059 664 2111 autem
680 2057 919 2127 propositionibus
942 2051 989 2110 ἐπὶ
1009 2051 1104 2107 πλειό-

89 2156 150 2192 νων
179 2139 300 2192 εὐθειῶν
328 2137 469 2206 ἀνάλογον
497 2139 587 2192 οὐσῶν
619 2137 650 2190 in
677 2137 821 2192 codicibus
850 2137 1020 2207 respondent
1046 2136 1103 2187 tres

83 2233 191 2293 propp.
206 2222 249 2287 81,
265 2223 308 2287 83,
323 2223 366 2286 83,
391 2219 420 2272 et
437 2217 562 2289 Heiberg
580 2217 710 2285 (Studien
727 2237 754 2288 p.
770 2218 833 2287 336)
851 2218 926 2271 recte
945 2213 1103 2285 suspicatus

90 2300 149 2367 est,
178 2298 209 2352 in
225 2297 316 2368 Pappi
338 2297 412 2373 libro
434 2297 655 2368 propositionem
673 2302 706 2352 81
730 2297 761 2352 in
779 2297 849 2351 duas
869 2296 991 2351 diuisam
1007 2293 1103 2348 fuisse.

90 2377 204 2447 reliqua
218 2394 282 2432 cum
295 2377 501 2447 antiquissimis
516 2380 659 2434 codicibus
674 2380 703 2433 et
715 2378 769 2432 hac
779 2378 903 2432 editione
913 2375 1103 2431 consentiunt:

89 2461 151 2512 tres
164 2458 257 2528 Pappi
268 2457 475 2528 propositiones
495 2457 541 2512 ἐπὶ
559 2460 611 2515 δύο
626 2461 746 2515 εὐθειῶν
766 2461 831 2512 sunt
843 2476 941 2528 propp.
954 2463 997 2525 84,
1011 2461 1054 2526 85,
1069 2459 1103 2508 86

91 2540 123 2594 et
146 2540 210 2593 octo
234 2539 269 2593 de
293 2538 405 2593 circulis
423 2555 520 2609 propp.
536 2543 648 2594 87—94.
690 2537 791 2607 quodsi
808 2536 900 2607 Pappi
922 2535 1105 2590 summarium

89 2635 209 2674 numero
227 2618 451 2692 propositionum
469 2636 486 2672 a
506 2618 649 2674 codicibus
667 2617 772 2671 nostris
791 2615 958 2686 dissentit⁶),
981 2615 1104 2669 omnium

167 2790 193 2857 1)
213 2785 324 2856 Medico
326 2807 412 2842 ον-
431 2785 505 2842 ἔστιν
525 2787 579 2843 del
598 2786 726 2841 Hultsch.

165 2861 193 2928 3)
213 2856 307 2928 Ἀγομέ
307 2879 416 2913 νων-
436 2857 582 2928 δεδομένοι
596 2858 649 2914 del
670 2857 796 2912 Hultsch

165 2933 193 2997 3)
213 2928 290 2994 Quae
309 2930 394 3000 uulgo
414 2932 457 2984 est
475 2946 553 3001 prop
568 2935 610 2992 87
629 2930 750 2984 hicnon
768 2945 890 2984 numero.

164 3003 192 3070 4)
215 3001 248 3054 U.
267 3001 413 3055 Fabricius
436 3001 509 3056 Bibl
532 3000 578 3056 Gr.
597 3001 673 3071 IVp
675 3006 794 3069 .q.78s·
788 2999 1008 3068 ‚Heilbronner
1030 2995 1103 3051 Hist.

89 3071 220 3142 Mathp
222 3076 308 3126 .·163
302 3072 451 3144 ‚Heiberg
470 3072 587 3127 Studien
605 3019 680 3125 irbepr
693 3071 794 3125 Euchd
812 3089 838 3141 p
853 3075 904 3123 333
916 3086 956 3136 sq

164 3146 192 3213 5)
164 3090 309 3197 deerba
330 3152 385 3198 τῶν
409 3143 440 3198 δὲ
460 3139 645 3213 ἐχομένων
620 3163 633 3197 ε
665 3142 697 3196 τὸ
720 3142 771 3212 μὲν
795 3150 905 3211 πρῶτον
923 3133 1103 3219 γραφόμενόν

91 3209 168 3270 ἐστιν
187 3212 305 3267 dubium
322 3232 380 3269 non
399 3217 442 3269 est
459 3215 529 3284 quin
547 3215 585 3269 ad
602 3229 680 3283 prop.
696 3220 729 3268 63
748 3211 895 3267 referenda
914 3209 982 3277 sint,
1006 3224 1104 3277 quam-

91 3302 179 3355 quam
202 3285 337 3411 οέοιιοεδρ,
366 3283 546 3356 γραφόμενον
569 3284 642 3338 illud
664 3301 708 3338 me
731 3301 830 3355 parum
850 3280 1016 3391 intellegere
1038 3283 1103 3350 (ιον

126 3377 145 3410 α
171 3375 186 3411 ο
223 3362 297 3410 vnn?

89 3377 125 3428 w
147 3376 249 3496 φ(ἣμΙιι
267 3359 426 3497 Spiiaericis
445 3445 557 3498 quoqne
575 3425 728 3481 Theodosii
748 3424 892 3495 Pappus
884 3443 914 3479 ιιι
936 3421 1103 3495 propositio·

89 3516 160 3554 num
172 3514 288 3552 numero
303 3517 366 3554 cum
379 3500 482 3554 nostris
497 3498 670 3553 editionibus
684 3497 776 3552 minus
792 3496 934 3567 congruit,
948 3514 975 3553 u.
990 3495 1103 3563 Pappus

912 3587 970 3641 qli.
