2400 3840
135 146 176 209 16
537 147 739 198 AEAOMENA.

132 295 235 373 λόγον
258 290 354 375 έχέτω
379 289 572 374 δεδομένον,
600 288 699 374 ἐχέτω
727 286 764 354 δὲ
787 289 827 354 τὰ
851 289 935 353 αὐτὰ
957 287 1084 372 μεγέθη
1108 289 1147 352 τὰ

134 403 180 480 A,
199 403 243 480 B,
264 399 295 461 Γ
318 399 401 482 πρὸς
424 399 507 462 ἄλλα
530 397 604 461 τινὰ
627 395 750 480 μεγέθη
778 397 818 460 τὰ
844 401 887 478 A,
905 400 950 478 Ε,
970 400 998 459 Ζ
1027 398 1148 478 λόγους

134 503 348 587 δεδομένους,
379 506 423 587 μὴ
456 505 534 578 τοὺς
566 503 688 580 αὐτοὺς
719 502 771 568 δέ·
808 500 906 587 λέγω,
938 502 989 566 ὅτι
1022 500 1078 566 καὶ
1109 503 1148 565 τδι

133 616 176 693 A,
195 615 234 692 E,
255 614 292 693 Z,
316 609 441 694 μεγέθη
464 610 548 694 πρὸς
570 611 695 692 ἄλληλα
718 611 819 692 λόγον
841 607 904 686 ἕξει
927 608 1119 692 δεδομένον.

95 729 114 776 5
201 714 269 780 έιτεὶ
293 718 355 803 γὰρ
379 719 477 798 λόγος
500 714 568 781 έστλ
591 725 651 780 τοῦ
669 722 701 780 A
723 717 807 800 πρὸς
829 716 866 780 τὸ
887 719 916 781 Β
940 716 1064 799 δοθείς,
1088 723 1147 781 τοῦ

134 819 171 886 δὲ
194 830 226 888 A
254 825 337 908 πρὸς
359 825 397 887 τὸ
419 829 452 887 A
480 825 577 906 λόγος
605 819 673 887 ἐστὶ
700 823 828 906 δοθείς,
860 820 998 887 καὶτοῦ
1022 827 1056 886 A
1084 823 1147 906 ἄρα

133 931 216 1014 πρὸς
239 930 275 993 τὸ
299 934 327 992 Β
347 932 445 1012 λόγος
468 926 536 994 ἐστὶ
559 930 681 1005 δοθείς.
718 928 800 993 ἀλλὰ
823 936 883 993 τοῦ
903 932 931 992 Β
954 929 1039 1013 πρὸς
1061 929 1099 992 τὸ
1119 932 1149 992 Ε

133 1037 232 1117 λόγος
254 1034 323 1099 ἐστὶ
347 1036 473 1112 δοθείς·
505 1033 560 1100 ιιοιὶ
587 1044 647 1099 τοῦ
664 1041 699 1099 A
726 1037 791 1120 ἄρα
817 1035 900 1115 πρὸς
927 1036 964 1100 τὸ
986 1039 1020 1098 Ε
1049 1037 1148 1116 λόγος

134 1140 202 1205 ἐστὶ
226 1142 348 1217 δοθείς.
389 1142 498 1227 πάλιν,
522 1140 591 1207 έτιεὶ
613 1144 711 1224 λόγος
733 1139 802 1206 ἐστὶ
820 1150 881 1206 τοῦ
903 1145 932 1206 Β
955 1142 1040 1226 πρὸς
1061 1142 1101 1205 τὸ
1122 1143 1152 1205 Γ

79 1261 114 1308 10
134 1248 263 1331 δοθείς,
291 1256 351 1311 τοῦ
380 1243 417 1311 δέ
439 1251 467 1312 Β
496 1249 579 1333 πρὸς
601 1249 638 1313 τὸ
661 1253 693 1312 Ε
718 1250 816 1330 λόγος
839 1245 907 1312 ἐστὶ
934 1247 1064 1332 δοθείς,
1094 1247 1148 1312 καὶ

134 1361 194 1416 τοῦ
217 1357 249 1417 Ε
275 1354 339 1440 ἄρα
362 1354 445 1439 πρὸς
467 1355 504 1418 τὸ
529 1356 562 1418 Γ
584 1356 682 1436 λόγος
710 1353 778 1419 ἐστὶ
806 1355 927 1431 δοθείς.
973 1363 1034 1418 τοῦ
1058 1351 1097 1419 δὲ
1122 1357 1152 1419 Γ

133 1461 216 1543 πρὸς
243 1461 279 1524 τὸ
309 1464 337 1524 Ζ
364 1462 462 1543 λόγος
489 1458 558 1525 ἐστὶ
586 1461 711 1537 δοθεές·
743 1459 799 1525 καὶ
826 1469 886 1526 τοῦ
914 1465 946 1524 Ε
971 1462 1037 1546 ἄρα
1063 1462 1148 1547 πρὸς

133 1566 170 1629 τὸ
192 1571 219 1628 Ζ
242 1568 340 1649 λόγος
363 1565 431 1632 ἐστὶ
455 1567 582 1644 δοθείς·
605 1569 645 1631 τὰ
664 1574 706 1650 A,
725 1572 764 1650 Ε,
785 1572 812 1632 Ζ
836 1570 900 1653 ἄρα
918 1568 1001 1652 πρὸς
1020 1568 1147 1651 ἄλληλα

133 1675 235 1754 λόγον
258 1675 322 1757 ἔχει
346 1673 534 1757 δεδομένον.

80 1879 113 1927 15
621 1867 655 1932 ι’.

198 1991 274 2058 Ἐολν
292 1993 433 2078 μέγεθος
450 1994 613 2079 μεγέθους
632 1992 766 2059 δοθέντι
784 1997 894 2077 μεῖζον
912 1989 933 2080 ᾖ
952 1992 972 2076 ἢ
991 1993 1028 2059 έν
1048 1997 1148 2082 λόγῳ,

132 2099 247 2164 καὶτὸ
272 2103 524 2186 συναμφότερον
547 2109 607 2165 τοῦ
631 2100 733 2166 αὐτοῦ
757 2099 894 2166 δοθέντι
921 2103 1032 2185 μεῖζον
1055 2103 1148 2166 ἔσται

133 2205 153 2288 ἢ
178 2206 215 2270 έν
240 2207 342 2292 λόγῳ·
373 2204 429 2270 καὶ
459 2205 517 2270 έδιν
539 2207 576 2270 τὸ
601 2209 854 2292 συναμφότερον
876 2215 937 2271 τοῦ
960 2207 1066 2272 αὐτοῦ
1091 2209 1147 2273 δο-

133 2310 229 2375 θέντι
252 2315 361 2394 μεῖζον
384 2306 405 2398 ᾖ
429 2310 449 2394 ἢ
474 2311 510 2376 έν
533 2314 636 2397 λόγῳ,
664 2310 783 2376 καὶτὸ
811 2314 929 2379 λοιπὸν
956 2306 1017 2377 τοῦ
1041 2314 1146 2380 αὐτοῦ

74 2430 113 2477 20
134 2419 207 2499 ἤτοι
236 2416 374 2482 δοθέντι
400 2420 511 2501 μεῖζόν
539 2417 629 2483 ἐστιν
656 2416 676 2501 ἢ
705 2418 741 2483 έν
768 2422 870 2507 λόγῳ,
903 2418 923 2502 ἢ
956 2421 993 2485 τὸ
1026 2423 1147 2487 λοιπὸν

132 2525 212 2607 μετὰ
230 2533 290 2587 τοῦ
310 2521 391 2607 ἑξῆς,
414 2526 497 2610 πρὸς
520 2523 598 2589 ὃτὸ
617 2523 731 2608 ἕτερον
749 2528 850 2608 λόγον
869 2529 933 2610 ἔχει
952 2527 1146 2612 δεδομένον,

132 2628 236 2694 δοθέν
260 2629 358 2695 ἐστιν.

199 2735 340 2820 μέγεθος
371 2737 434 2822 γὰρ
467 2738 504 2802 τὸ
533 2739 599 2800 AB
632 2736 796 2822 μεγέθους
823 2747 883 2802 τοῦ
910 2740 979 2803 ΒΓ
1006 2738 1146 2805 δοθέντι

127 2846 241 2928 μεῖζον
260 2846 341 2908 ἔστω
361 2841 382 2926 ἢ
401 2841 438 2907 έν
456 2845 556 2932 λόγῳ·
580 2842 675 2928 λέγω,
695 2845 745 2909 ὄτι
762 2843 818 2909 κοιλ
836 2846 873 2910 τὸ
888 2848 1146 2932 συναμφότερον

204 3076 228 3126 6,
253 3068 326 3125 ἐστίν
344 3071 402 3141 Pv,
426 3074 455 3126 et
474 3070 513 3125 sic
531 3071 554 3125 P
575 3088 625 3142 per
643 3075 734 3127 totam
751 3090 829 3143 prop.
915 3073 989 3127 ἐστὶν
1009 3074 1024 3129 ὁ
1044 3083 1094 3129 τοῦ
1120 3093 1145 3132 a.

167 3141 314 3213 τοο(ο1λ.)]
333 3159 401 3197 corr.
422 3159 455 3196 ex
473 3142 503 3197 τό
523 3149 588 3196 m.1
609 3160 633 3198 a.
708 3150 732 3200 7.
751 3142 822 3198 ἀλλά
837 3176 868 3184 -
884 3149 908 3198 9.
928 3143 1039 3217 δοθεές]
1060 3164 1145 3216 supra

130 3213 196 3266 add.
211 3231 247 3266 m.
263 3218 279 3265 3
298 3231 323 3268 τ.
384 3220 407 3268 7,
427 3213 496 3268 ἀλλὰ
514 3212 564 3269 καί
582 3232 607 3269 a.
662 3217 723 3287 τοῦ]
743 3216 822 3271 ότοῦ
842 3232 868 3283 a,
886 3215 956 3271 item
971 3215 1021 3273 lin.
1037 3222 1063 3272 8.
1119 3223 1144 3272 8.

130 3283 212 3352 λόγος
231 3281 287 3338 ἐστί
301 3284 384 3358 (alt.)]
403 3285 459 3340 έστι
477 3285 557 3356 λόγος
579 3304 604 3340 v.
683 3292 707 3341 9.
727 3284 784 3341 έστί
798 3286 879 3358 (alt.)]
904 3285 978 3342 ἐστίν
997 3307 1022 3342 v,
1103 3297 1144 3345 11.

129 3353 200 3427 ἄρα]
220 3372 272 3410 om.
292 3373 316 3410 a.
383 3358 420 3428 Γ]
443 3361 507 3411 Za.
568 3363 609 3411 12.
630 3355 703 3412 ἐστίν
721 3375 751 3424 v3
770 3357 839 3411 item
857 3376 883 3428 p.
904 3362 946 3428 18,
966 3363 990 3414 ὁ.
1053 3354 1132 3435 16.ᾖ

128 3441 185 3480 om.
206 3429 230 3498 β.
323 3433 364 3483 17.
390 3428 464 3482 ἔσται
483 3460 516 3469 -
537 3433 577 3482 19.
598 3430 702 3500 μεῖζον]
725 3428 769 3482 bis
793 3431 810 3500 β
835 3432 954 3500 (nona).
1048 3438 1132 3505 19.η

128 3513 185 3551 om.
205 3500 235 3569 β,
261 3499 336 3553 ἔσται
355 3516 379 3552 a.
