2400 3840
128 121 170 183 72
532 121 736 172 ΔΕΔοιιεειε.
855 166 857 169 ,

603 288 671 347 μα.

195 377 273 444 Ἐὰν
300 382 465 464 τρίγωνον
491 381 572 462 μίαν
600 381 656 464 ἔχη
686 380 814 460 γωνίαν
841 376 1039 463 δεδομένην,
1072 377 1150 465 περὶ

130 483 166 550 δὲ
194 487 255 569 τὴν
283 485 465 569 δεδομένην
493 488 620 567 γωνίαν
652 486 690 549 αλ
713 483 854 570 πλευραὶ
886 485 969 571 πρὸς
1002 485 1149 568 ἀλλήλας

130 594 231 674 λόγον
254 594 352 675 ἔχωσι
376 589 566 675 δεδομένον,
590 589 722 655 δέδοται
746 592 783 656 τὸ
806 594 972 676 τρίγωνον
990 601 1036 678 τῳ
1056 593 1147 656 είδει.

93 712 108 760 5
199 696 296 781 ἐχέτω
324 698 387 783 γὰρ
416 699 581 783 τρίγωνον
603 698 641 761 τὸ
664 700 770 761 ΑΒΓ
791 699 872 781 μίαν
898 701 1026 780 γωνίαν
1054 699 1149 763 δεδο-

128 804 232 889 μένην
255 805 315 887 την
339 803 404 869 ὑπὸ
428 816 495 869 τῶν
513 807 619 887 ΒΑΓ,
642 801 716 889 περὶ
740 799 777 867 δέ
800 805 862 888 τὴν
879 803 944 869 ὑπὸ
963 815 1032 868 τῶν
1051 807 1155 869 ΒΑΓ

129 912 166 975 αί
185 908 326 995 πλευραὶ
350 911 387 974 αἱ
406 914 479 993 ΒΑ,
497 915 530 974 Α
536 913 569 974 Γ
586 911 669 994 πρὸς
692 909 835 992 ἀλλήλας
858 913 959 992 λόγον
982 909 1149 995 ἐχέτωσαν

129 1015 322 1100 δεδομένον·
360 1015 460 1099 λέγω,
489 1016 539 1081 ὅτι
567 1017 604 1081 τὸ
628 1019 734 1081 ΑΒΓ
756 1019 921 1101 τρίγωνον
944 1015 1078 1082 δέδοται
1102 1026 1148 1104 τῳ

130 1124 219 1187 ελδει.

79 1243 112 1290 10
201 1227 360 1293 ἐκκείσθω
389 1229 451 1314 γὰρ
485 1238 524 1314 τῇ
556 1226 650 1294 θέσει
676 1226 733 1293 καί
760 1239 806 1316 τῷ
829 1227 963 1312 μεγέθει
986 1230 1150 1316 δεδομένη

132 1335 247 1399 εὐθεῖα
271 1334 291 1416 ἡ
314 1340 347 1398 Λ
354 1339 381 1397 Ζ
404 1332 460 1399 καί
483 1335 670 1399 συνεστάτω
693 1337 777 1421 πρὸς
799 1347 838 1422 τῇ
861 1343 895 1401 Δ
902 1341 929 1401 Ζ
952 1337 1070 1424 εὐθείᾳ
1093 1335 1149 1402 καὶ

131 1451 176 1527 τῷ
201 1442 284 1527 πρὸς
308 1440 390 1526 αὐτῇ
414 1443 536 1528 σημείῳ
560 1450 605 1529 τῷ
631 1445 659 1504 Ζ
681 1450 720 1527 τῇ
743 1441 809 1507 ὑπὸ
832 1453 900 1508 τῶν
922 1447 1024 1509 ΒΑΓ
1042 1447 1150 1530 γωνίᾳ

133 1554 187 1631 ίση
211 1549 231 1631 η
254 1547 319 1613 ὑπὸ
343 1559 410 1613 τῶν
432 1551 543 1612 ΑΖΕ.
588 1548 728 1612 δοθεῖσα
751 1546 788 1614 δὲ
810 1549 831 1633 ἡ
854 1549 919 1615 ὑπὸ
942 1561 1010 1614 τῶν
1034 1554 1149 1616 ΒΑΓ·

132 1656 272 1720 δοθεῖσα
304 1657 368 1741 ἄρα
400 1652 456 1719 καί
483 1653 503 1737 ἡ
530 1653 595 1719 ὑπὸ
623 1665 691 1718 τῶν
712 1660 823 1721 ΔΖΒ.
879 1655 948 1721 έιιελ
975 1652 1039 1721 οὖν
1065 1659 1149 1743 πρὸς

82 1773 114 1820 15
132 1761 226 1827 θέσει
245 1760 405 1846 δεδομένη
425 1761 541 1847 εὐθείᾳ
563 1770 603 1846 τῇ
622 1765 690 1824 ΔΖ
712 1759 768 1826 καὶ
786 1771 832 1851 τῳ
850 1764 934 1848 πρὸς
951 1763 1036 1849 αὐτῇ
1055 1764 1149 1828 δεδο-

131 1868 218 1956 μένῳ
235 1872 356 1955 σημείῳ
371 1877 416 1955 τῷ
429 1866 463 1954 {Z
478 1866 593 1932 εὐθεῖα
604 1869 736 1952 γραμμὴ
748 1863 844 1952 ἦκται
857 1869 878 1953 ἡ
889 1874 954 1934 ΖΕ
966 1869 1152 1954 δεδομένην

131 1984 275 2039 ποιοῦσα
299 1977 426 2057 γωνίαν
449 1975 510 2058 τὴν
531 1972 597 2037 ὑπὸ
620 1985 688 2038 τῶν
710 1980 744 2038 Δ
751 1979 828 2058 ΖΕ,
852 1972 946 2039 θέσει
969 1977 1035 2060 ἄρα
1058 1974 1150 2041 ἐστὶν

132 2081 152 2165 ἡ
177 2085 248 2145 ΖΕ.
299 2077 354 2145 καὶ
387 2076 456 2144 ἐπεὶ
484 2081 582 2161 λόγος
610 2077 679 2143 ἐστὶ
706 2088 765 2163 τῆς
791 2084 854 2144 ΒΑ
884 2082 967 2166 πρὸς
994 2083 1056 2165 τὴν
1084 2086 1156 2147 ΑΓ

133 2188 262 2270 δοθείς,
294 2186 311 2252 ὁ
340 2186 440 2262 αὐτὸς
467 2185 556 2273 αὐτῷ
580 2184 741 2268 γεγονέτω
766 2185 783 2251 δ
807 2195 865 2269 τῆς
887 2191 954 2251 ΛΖ
981 2188 1066 2273 πρὸς
1089 2191 1150 2272 τὴν

79 2302 113 2350 20
134 2296 198 2355 ΖΕ
228 2288 285 2355 καί
318 2289 501 2374 ἐπεζεύχθω
532 2291 552 2374 ἡ
581 2296 664 2356 ΛΕ·
702 2294 801 2375 λόγος
828 2294 892 2378 ἄρα
918 2291 974 2357 καὶ
1001 2303 1060 2378 τῆς
1083 2299 1150 2359 ΔΖ

130 2398 213 2481 πρὸς
245 2397 305 2479 τὴν
341 2400 405 2460 ΖΕ
435 2397 562 2473 δοθείς·
600 2398 740 2462 δοθεῖσα
773 2396 810 2463 δέ
841 2399 862 2483 ἡ
890 2404 970 2464 ΔΖ·
1008 2401 1151 2466 δοθεῖσα

133 2504 197 2587 ἄρα
224 2499 279 2565 καὶ
307 2503 327 2586 ἡ
352 2507 423 2567 ΖΕ.
469 2502 552 2568 ἀλλὰ
578 2502 635 2568 καί
661 2514 701 2589 τῇ
732 2503 835 2570 θέσει.
879 2509 938 2570 καί
962 2506 1032 2572 έστι
1059 2509 1150 2573 τὸΖ

132 2606 249 2672 δοθέν·
283 2606 387 2673 δοθέν
416 2610 481 2694 ἄρα
508 2607 563 2673 καὶ
590 2612 627 2675 τὸ
650 2616 688 2676 Ε.
744 2614 813 2676 έστι
846 2609 883 2677 δέ
910 2612 966 2677 καὶ
993 2612 1152 2701 ἑκάτερον

131 2726 198 2779 τῶν
230 2721 277 2798 Δ,
302 2719 329 2779 Ζ
366 2713 485 2781 δοθέν·
522 2717 662 2781 δοθεῖσα
698 2718 763 2802 ἄρα
802 2716 893 2783 ἐστὶν
929 2717 1048 2804 ἑκάστη
1081 2732 1150 2786 τῶν

78 2831 112 2878 25
131 2826 213 2904 ΛΖ,
242 2825 319 2904 ΖΕ,
346 2826 416 2886 ΛΕ
449 2833 488 2907 τῇ
525 2821 618 2887 θέσει
654 2820 710 2887 καὶ
745 2833 791 2911 τῷ
829 2824 976 2908 μεγέθει·
1014 2825 1152 2893 δέδοται

131 2929 196 3011 ἄρα
227 2927 264 2991 τὸ
292 2932 395 2992 ΔΖΕ
425 2937 471 3016 τῷ
504 2929 593 2992 είδει.
647 2926 703 2992 καὶ
735 2927 804 2994 ἐπεὶ
837 2931 898 2995 δύο
931 2933 1078 3017 τρίγωνα
1111 2936 1152 2999 τδι

131 3037 242 3118 ΑΒΓ,
260 3039 362 3099 ΔΕΖ
389 3037 469 3119 μίαν
497 3038 623 3117 γωνίαν
649 3039 708 3121 μίᾳ
736 3040 841 3124 γωνίᾳ
873 3042 949 3120 ίσην
977 3039 1058 3123 ἔχει,
1087 3042 1153 3125 τὴν

81 3179 84 3184 ’
204 3189 228 3236 1.
251 3182 315 3253 μα’]
335 3181 383 3253 μηδ’
403 3182 430 3236 b.
522 3188 546 3236 2.
572 3182 632 3256 έχη]
653 3182 709 3254 ἔχει
727 3202 752 3253 v,
773 3201 840 3239 eorr.
860 3203 896 3238 m.
917 3191 941 3239 1.
1029 3185 1153 3260 γωνίαν]

132 3269 221 3377 comp.
241 3253 317 3326 Van]
413 3260 436 3308 6.
467 3262 522 3308 τῶν
542 3256 619 3326 (pr.)]
649 3271 701 3308 om.
725 3254 752 3308 b.
857 3261 940 3310 ΒΑΓ
955 3256 1043 3329 (alt.)]
1073 3263 1158 3314 ΒΑΓ

132 3344 189 3393 γων
203 3345 239 3378 αν
258 3323 284 3377 b.
373 3329 415 3379 12.
439 3325 529 3450 m}
555 3326 889 3394 Bsuprascr.m.1b.
977 3333 1019 3382 13.
1044 3329 1153 3402 Mpnss

132 3393 225 3528 Ξεωνίοὶι)
240 3394 257 3464 ἡ
276 3393 303 3448 b.
387 3401 429 3449 15.
449 3413 551 3468 σημεῳ
570 3394 713 3470 δεδομένῳ
731 3396 758 3450 b.
840 3403 882 3452 24.
905 3399 938 3469 Ζ]
958 3401 983 3451 Ε
1001 3398 1029 3453 b.
1109 3408 1153 3457 θλ.

164 3482 189 3518 ει
228 3507 233 3518 .

66 3516 122 3630 ἱ
