2400 3840
107 155 171 219 168
511 156 716 208 ΔΒΔΟΜΕΝΑ.

107 298 127 381 ἡ
156 303 237 381 AB,
269 296 325 362 καὶ
357 299 655 383 συμπεπληρώσθω
683 299 720 362 τὸ
749 303 823 361 ΑΔ.
877 297 934 362 καὶ
967 296 1037 363 ἐπεὶ
1070 305 1125 382 ἴση

109 402 199 467 ἐστὶν
227 402 336 486 ἡΔΒ
365 415 405 489 τῇ
429 408 505 486 ΒΑ,
537 407 596 467 καί
622 403 691 468 ε’στι
719 405 858 468 δοθεῖσα
885 403 905 485 ἡ
932 403 998 468 ὑπὸ
1023 409 1124 468 ΑΒΔ

109 513 225 593 γωνία,
249 507 319 574 ἐπεὶ
341 507 397 575 καὶ
419 508 439 592 ἡ
464 506 580 593 ἐφεξῆς
602 509 686 595 αὐτῇ
706 509 846 574 δοθεῖσοέ
865 508 965 593 ἐστιν,
990 509 1123 574 δέδοται

109 617 173 701 ἄρα
205 617 242 680 τὸ
271 620 334 680 ΕΒ
366 625 412 704 τῷ
440 617 530 681 εῖδει.
584 614 640 681 καὶ
672 613 743 680 ἐπεὶ
774 616 914 680 δοθεῖσα
945 615 1013 680 ἐστι
1044 633 1124 681 σνν-

73 724 295 807 5αμφότερος
321 721 342 803 ἡ
366 725 481 805 ΑΒΓ,
514 727 568 805 ἴση
597 718 633 785 δὲ
660 720 681 804 ἡ
707 726 772 785 ΑΒ
800 732 840 806 τῇ
868 726 950 804 ΒΔ,
984 723 1124 788 δοθεῖσα

109 829 174 913 ἄρα
198 825 288 892 ἐστὶν
310 827 331 909 ἡ
355 835 388 892 Δ
395 832 430 892 Γ.
477 827 546 892 ἐπεὶ
574 824 636 893 οὖν
664 824 769 892 δοθὲν
796 829 833 891 τὸ
857 831 928 892 ΑΓ
950 831 1040 914 παρὰ
1069 831 1123 893 δο-

109 940 231 998 θεῖσαν
249 935 310 1017 την
324 940 357 997 Δ
363 937 395 998 Γ
412 933 660 1020 παραβέβληται
682 934 833 998 ἐλλεῖπον
852 935 932 998 εῖδει
955 933 1122 1021 δεδομένῳ

111 1049 158 1126 τῷ
182 1042 262 1122 EB,
286 1038 418 1104 δέδοται
441 1042 482 1104 τὰ
504 1041 609 1123 πλάτη
633 1049 693 1104 τοῦ
717 1039 941 1124 ἐλλείμματος·
970 1041 1124 1105 δοθεῖσαι

110 1147 175 1228 ἄρα
208 1143 294 1208 εἰσὶν
325 1148 363 1210 αῖ
387 1151 468 1229 ΑΒ,
493 1152 565 1211 BA.
621 1146 704 1211 ἀλλὰ
735 1145 790 1211 καὶ
822 1149 1074 1232 συναμφότερος
1104 1145 1123 1228 ἡ

59 1264 93 1312 10
111 1254 216 1314 ΑΒΓ
242 1251 382 1315 δοθεῖσα
410 1251 513 1315 ἐστιν·
545 1249 602 1315 καὶ
629 1254 727 1335 λοιπη
756 1255 820 1338 ἄρα
846 1251 867 1334 ἡ
891 1254 960 1315 ΒΓ
984 1251 1125 1316 δοθεῖσα

112 1355 217 1421 ἐστιν·
247 1358 386 1422 δοθεῖσα
408 1359 472 1443 ἄρα
496 1356 587 1423 ἐστὶν
610 1356 746 1445 ἑκατέρα
769 1369 837 1423 τῶν
859 1362 936 1441 ΑΒ,
955 1361 1027 1422 ΒΓ.

588 1551 655 1620 πς’.

176 1673 253 1739 Ἐὰν
276 1675 338 1739 δύο
358 1675 488 1740 εὐθεῖαι
508 1672 612 1740 δοθὲν
630 1678 755 1761 χωρίον
767 1673 964 1761 περιέχωσιν
982 1675 1018 1740 έν
1033 1678 1126 1740 δεδο-

112 1779 194 1865 μένη
222 1784 343 1867 γωνίᾳ,
376 1782 516 1864 δύνηται
544 1778 628 1863 δέη
653 1779 746 1867 ἑτέρα
773 1791 832 1866 τῆς
854 1781 966 1869 ἑτέρας
989 1780 1126 1847 δοθέντι

59 1898 93 1947 15
113 1889 222 1970 μεῖζον
245 1885 266 1969 ἢ
290 1885 326 1950 έν
347 1889 445 1974 λόγῳ,
466 1886 522 1951 καὶ
546 1886 681 1973 ἑκατέρα
704 1888 816 1952 αὐτῶν
840 1890 930 1953 ἔσται
954 1889 1104 1954 δοθεῖσα.

182 1993 244 2056 δύο
274 1994 337 2078 γὰρ
362 1992 491 2057 εὐθεῖαι
514 1993 552 2057 αῖ
572 1997 653 2076 AB,
672 1997 740 2057 ΒΓ
763 1990 868 2059 δοθὲν
890 1997 1013 2080 χωρίον
1036 2015 1127 2079 περι-

114 2097 277 2182 εχέτωσαν
296 2099 333 2163 τὸ
349 2103 381 2161 Α
390 2101 422 2161 Γ
436 2096 473 2162 έν
491 2097 651 2184 δεδομένη
670 2103 775 2185 γωνία
793 2111 833 2186 τῇ
851 2100 917 2165 ὑπὸ
936 2110 1003 2165 τῶν
1017 2104 1128 2184 ΑΒΓ,

113 2206 150 2269 τὸ
178 2201 216 2269 δὲ
243 2204 306 2268 ἀπὸ
334 2213 393 2287 της
416 2207 477 2268 ΓΒ
506 2213 566 2269 τοῦ
594 2205 657 2270 ἀπὸ
685 2214 743 2289 τῆς
766 2209 829 2269 BA
856 2205 992 2270 δοθέντι
1015 2210 1125 2290 μεῖζον

114 2312 196 2375 ἔστω
220 2309 241 2392 ἢ
265 2308 301 2374 έν
324 2312 426 2396 λόγῳ·
451 2308 546 2394 λέγω,
570 2311 620 2375 ὅτι
642 2309 699 2375 καὶ
723 2309 858 2397 ἑκατέρα
880 2322 949 2376 τῶν
967 2316 1044 2396 AB,
1063 2316 1131 2377 ΒΓ

60 2428 95 2476 20
115 2415 183 2479 ἐστι
207 2417 356 2480 δοθεῖσα.

181 2519 250 2584 ἐπεὶ
273 2521 336 2607 γὰρ
360 2522 397 2585 τὸ
422 2519 486 2585 ἀπὸ
509 2530 567 2605 τῆς
586 2525 645 2586 ΓΒ
669 2530 729 2587 τοῦ
749 2521 812 2587 ἀπὸ
831 2531 890 2606 τῆς
904 2526 966 2586 ΒΑ
990 2522 1127 2590 δοθέντι

114 2629 225 2709 μεῖζόν
249 2626 339 2691 ἐστιν
362 2625 382 2709 ἣ
407 2625 444 2691 έν
466 2631 569 2715 λόγῳ,
597 2627 785 2714 ἀφηρησθω
808 2629 845 2693 τὸ
870 2625 973 2694 δοθὲν
1000 2632 1037 2695 τὸ
1061 2631 1127 2696 ὑπὸ

114 2742 182 2796 τῶν
207 2736 316 2797 ΓΒΔ·
349 2738 468 2798 λοιποῦ
496 2736 560 2820 ἄρα
587 2743 646 2800 τοῦ
673 2735 739 2801 ὑπὸ
767 2746 835 2800 τῶν
857 2739 957 2801 ΔΓΒ
984 2739 1069 2823 πρὸς
1091 2739 1129 2803 τὸ

188 2930 212 2978 2.
233 2924 300 2995 ἐστι]
320 2924 394 2979 ἐστιν
412 2943 438 2979 v.
494 2931 518 2980 3.
538 2927 625 2995 αὐτῆς
642 2927 672 2982 Ρ.
728 2933 753 2980 4.
773 2925 837 2998 καί]
858 2929 953 2983 om.b.
1009 2928 1083 2984 ἐστιν
1102 2947 1129 2983 v.

151 3000 175 3050 8.
196 2997 315 3049 δοθεῖσα
334 2995 390 3064 ἄρα
409 2995 483 3052 ἐστὶν
502 2996 520 3066 η
538 3001 589 3050 ΑΒ
608 2997 634 3050 b.
697 3002 739 3051 10.
760 2996 845 3070 ἐστίν]
865 3015 918 3053 om.
938 2999 965 3053 b.
1030 2998 1080 3054 καί
1096 3032 1128 3040 -

116 3071 157 3121 11,
182 3064 268 3137 ἐστιν]
292 3083 345 3120 om.
363 3067 427 3121 Vat.
524 3073 566 3122 11.
594 3068 669 3120 Ante
698 3069 817 3123 δοθεῖσα
841 3068 896 3136 ἄρα
924 3069 989 3125 odd.
1015 3069 1072 3124 ἔστι
1096 3069 1128 3125 δὲ

115 3137 164 3191 καὶ
182 3137 200 3206 ἡ
219 3143 269 3190 ΑΒ
289 3139 408 3191 δοθεῖσα
431 3138 458 3192 b.
546 3138 608 3205 Seq.
628 3139 704 3206 apud
722 3139 896 3208 Peyrardum
918 3156 953 3194 εο
970 3140 1129 3210 propositio

116 3224 180 3260 oum
198 3207 338 3276 lemmate,
358 3224 431 3275 quae
449 3208 516 3261 inP
534 3208 639 3278 legitur
657 3207 694 3261 ad
712 3209 797 3264 finem
815 3209 895 3278 libri3
914 3228 940 3265 u.
957 3228 1021 3281 app.
1086 3218 1128 3267 12.

115 3279 179 3348 πς’]
199 3278 245 3343 πζ’
264 3279 429 3347 Peyrardus.
504 3284 545 3334 13.
565 3279 633 3333 Post
652 3278 741 3334 δοθέν
761 3281 824 3336 add.
845 3281 901 3350 ἄρα
920 3299 950 3348 v;
972 3282 1026 3338 del.
1047 3301 1083 3337 m.
1104 3289 1129 3337 2.

151 3354 194 3402 15.
215 3351 307 3417 μεῖζον
326 3344 401 3404 εἶναι
420 3350 446 3404 b.
511 3348 602 3474 l‘ovoct]l
617 3349 673 3405 ἐστι
691 3351 718 3406 b.
784 3357 824 3407 16.
845 3351 910 3422 γάρ]
930 3368 984 3407 om.
1003 3354 1030 3407 b.
1087 3353 1118 3408 αἱ

116 3435 170 3472 om.
190 3419 221 3473 P.
303 3426 344 3473 17.
365 3420 407 3491 ἐν]
428 3419 484 3474 ἔστι
503 3418 533 3475 δὲ
553 3442 589 3475 κα
620 3422 647 3475 b.
720 3423 787 3494 τῶν]
806 3422 858 3491 τήν
876 3423 903 3476 b.
987 3429 1028 3478 19.
1050 3424 1118 3479 ἔστω

117 3487 191 3544 ἐστιν
211 3492 320 3559 (comp.)
334 3490 361 3544 b.
418 3492 652 3563 21.13A]A13b.
707 3499 750 3548 23.
769 3503 825 3549 τῶν
835 3495 1016 3566 (utrumque)]
1031 3495 1131 3564 τήνὶη
