2400 3840
133 160 177 224 54
538 163 742 214 ΔΕΔΟΜΕΝΑ.

132 305 257 369 εὐθεῖα.
294 303 353 368 ἐὰν
372 300 408 373 δέ
428 305 490 368 δύο
508 302 655 390 γραμμαὶ
673 312 713 388 τῇ
727 303 820 369 θέσει
835 302 1012 387 δεδομέναι
1026 303 1149 389 τέμνω-

133 427 189 474 σιν
217 410 374 493 ἀλλήλας,
407 409 540 474 δέδοται
572 411 609 474 τὸ
637 421 787 494 σημεῖον,
819 408 898 474 καθ’
924 409 941 474 ὃ
969 409 1150 495 τέμνουσιν

132 515 287 598 ἀλλήλας·
321 513 424 581 δοθὲν
456 518 520 602 ἄρα
553 514 621 581 έστλ
648 517 685 580 τὸ
713 520 755 580 Δ.
810 519 878 581 ἔστι
906 512 943 580 δέ
970 514 1028 581 καὶ
1056 519 1095 583 τὸ
1119 524 1149 582 Δ

131 621 244 687 δοθέν.
290 621 382 686 θέσει
406 623 470 706 ἄρα
494 619 584 685 ἐστὶν
606 621 627 703 ἡ
652 627 724 685 ΑΔ.

95 863 110 911 ε
590 820 668 934 ιβ’.

194 973 270 1040 Ἐὰν
298 977 346 1051 είς
367 978 599 1062 παραλλήλους
626 985 665 1061 τη
688 975 781 1040 θέσει
810 974 990 1059 δεδομένας
1012 977 1147 1052 εὐθείας

131 1082 247 1146 εὐθεῖα
275 1083 407 1167 γραμμὴ
436 1080 524 1167 ἀχθῇ
551 1079 731 1164 δεδομένας
759 1090 901 1144 ποιοῦσα
928 1086 1067 1165 γωνίας,
1097 1081 1146 1147 δέ·

132 1188 226 1251 δοται
249 1187 269 1269 ἡ
293 1188 433 1271 ἀχθεῖσα
456 1197 502 1274 τῷ
525 1185 667 1271 μεγέθει.

198 1296 244 1368 είς
271 1295 334 1379 γὰρ
361 1294 595 1379 παραλλήλους
621 1302 660 1378 τῇ
687 1291 780 1357 θέσει
809 1290 990 1375 δεδομένας
1012 1294 1147 1371 εὐθείας

78 1409 112 1456 10
131 1399 189 1473 τὰς
217 1404 297 1483 AB,
317 1402 377 1464 ΓΔ
405 1398 520 1465 εὐθεῖα
548 1400 680 1485 γραμμὴ
708 1400 803 1482 ἤχθω
831 1398 852 1480 ἡ
875 1403 938 1462 ΕΖ
967 1398 1147 1482 δεδομένας

128 1514 270 1570 ποιοῦσα
294 1509 417 1587 γωνίας
439 1507 498 1582 τὰς
521 1505 586 1570 ὑπὸ
610 1509 718 1588 ΒΕΖ,
737 1509 843 1569 ΕΖΔ.
890 1503 989 1587 λέγω,
1019 1504 1071 1569 ὅτι
1096 1504 1146 1570 δέ-

129 1612 223 1676 δοται
247 1614 267 1696 η
290 1617 353 1677 ΕΖ
376 1622 422 1700 τῷ
446 1611 588 1696 μεγέθει.

195 1721 347 1804 εἰλήφθω
374 1720 438 1805 γὰρ
466 1716 519 1784 ε’πλ
547 1727 604 1800 τῆς
632 1716 698 1802 ΓΔη
724 1714 828 1782 δοθὲν
863 1728 999 1800 σημεῖον
1032 1719 1069 1782 τὸ
1100 1722 1146 1801 Η,

129 1825 184 1890 καὶ
209 1828 264 1890 διὰ
287 1834 347 1890 τοῦ
365 1830 405 1889 Η
424 1834 463 1910 τῇ
482 1829 546 1888 ΕΖ
569 1824 779 1908 παράλληλος
801 1825 895 1907 ἤχθω
918 1824 939 1906 ἡ
958 1827 998 1888 Η
1001 1828 1039 1887 Θ.
1077 1823 1147 1889 ἐπεὶ

77 1939 110 1987 15
128 1933 337 2017 παράλληλός
360 1932 450 1997 ἐστιν
473 1931 494 2013 ἡ
513 1934 553 1994 Η
556 1934 584 1994 Θ
607 1941 646 2014 τῇ
670 1935 732 1994 ΕΖ
756 1928 811 1994 καὶ
834 1933 881 2006 είς
904 1931 1005 2006 αὐτὰς
1029 1930 1147 1995 εὐθεῖα

127 2037 336 2123 ἐμπέπτωκεν
359 2039 379 2121 η
399 2041 470 2120 ΓΔ,
495 2043 549 2119 ίση
573 2038 637 2120 ἄρα
661 2033 751 2100 ἐστὶν
773 2035 793 2116 ἡ
816 2035 882 2100 ὑπὸ
901 2040 998 2099 ΕΖΔ
1021 2046 1061 2122 τῇ
1080 2037 1147 2101 ὑπὸ

130 2150 240 2209 ΘΗΛ.
297 2146 436 2210 δοθεῖσα
469 2140 506 2207 δὲ
537 2142 646 2225 ηὑπὸ
674 2152 741 2205 τῶν
768 2146 879 2206 ΕΖΔ·
912 2142 1054 2207 δοθεῖσα
1082 2145 1147 2229 ἄρα

127 2249 182 2315 καὶ
215 2251 235 2333 ἡ
268 2252 333 2315 ὑπὸ
368 2253 477 2314 ΘΗΔ.
542 2246 610 2314 ἐπεὶ
648 2244 710 2313 οὖν
742 2248 825 2333 πρὸς
844 2246 950 2313 -θέσει
982 2248 1145 2335 δεδομένῃ

128 2357 244 2441 εὐθείᾳ
271 2365 311 2439 τῇ
340 2357 401 2418 ΓΔ
432 2352 487 2417 καὶ
519 2364 565 2440 τῷ
594 2355 678 2439 πρὸς
705 2353 788 2438 αὐτῇ
820 2357 943 2441 σημείῳ
976 2353 1145 2442 δεδομένῳ

75 2469 109 2517 20
128 2471 173 2549 τῷ
192 2464 232 2524 Η
251 2460 366 2524 εὐθεῖα
389 2460 521 2543 γραμμὴ
545 2453 640 2540 ἦκται
663 2458 683 2540 ἡ
702 2462 742 2521 Η
746 2462 774 2522 Θ
797 2457 979 2542 δεδομένην
1001 2469 1146 2524 ποιοῦσα

126 2570 254 2650 γωνίαν
276 2567 338 2649 την
360 2563 425 2630 ὑπὸ
448 2569 560 2647 ΘΗΖ,
583 2562 677 2629 θέσει
700 2565 765 2650 ἄρα
786 2562 877 2629 ἐστίν
895 2563 915 2647 ἡ
934 2569 1013 2629 ΗΘ.
1051 2563 1146 2631 θέσει

127 2670 164 2737 δὲ
189 2670 244 2736 καὶ
267 2671 287 2754 ἡ
312 2675 386 2736 ΔΒ.
438 2668 542 2736 δοθὲν
569 2672 633 2757 ἄρα
662 2669 731 2735 ἐστὶ
759 2669 796 2734 τὸ
823 2675 851 2735 Θ
878 2682 1023 2755 σημεῖον.
1075 2675 1145 2737 ἔστι

127 2777 164 2843 δὲ
196 2777 251 2842 καί
278 2777 315 2841 τὸ
341 2782 381 2842 Η
405 2777 518 2842 δοθέν.
574 2779 714 2841 δοθεῖσα
742 2778 806 2862 ἄρα
835 2775 924 2842 ἐστὶν
951 2777 971 2859 η
999 2781 1071 2842 ΗΘ
1099 2787 1146 2865 τῷ

126 2882 273 2968 μεγέθει·
300 2888 359 2949 καί
380 2883 471 2949 ἐστιν
495 2890 548 2967 ἴση
571 2894 611 2968 τῇ
630 2888 702 2947 ΕΖ.
746 2884 885 2948 δοθεῖσα
908 2885 972 2969 ἄρα
996 2881 1065 2949 ἐστὶ
1088 2882 1145 2948 καὶ

74 2989 147 3072 ῖὸἡ
171 2995 234 3054 ΕΖ
257 3000 303 3078 τῷ
326 2990 469 3075 μεγέθει.

199 3224 222 3272 1.
247 3215 395 3289 τέμνωσιν]
414 3214 563 3286 τέμνονσιν
581 3216 611 3270 Ρ.
696 3223 719 3270 6.
745 3215 795 3286 εἰς]
814 3215 885 3283 πρός
908 3216 932 3288 β.
1016 3221 1057 3271 10.
1081 3217 1145 3290 τάς]

126 3296 159 3358 τῇ
178 3305 202 3342 a.
294 3295 336 3344 14.
361 3286 422 3342 έπεί
441 3320 475 3328 -
496 3293 537 3342 15.
558 3288 628 3357 ΗΘ]
653 3285 713 3340 ἐπεὶ
731 3282 783 3340 οὖν
801 3286 819 3354 η
840 3290 899 3342 ΗΘ
917 3284 1094 3357 παράλληλος
1119 3307 1144 3344 ο.

163 3365 204 3412 15.
225 3361 335 3432 εὐθεῖα]
356 3377 445 3413 (ma.
503 3365 544 3413 16.
564 3355 754 3428 ἐμπέπτωκεν]
774 3376 812 3409 -τ-
832 3375 916 3427 supra
936 3375 986 3411 scr.
1001 3376 1027 3413 v.
1088 3369 1145 3415 τῶν

127 3431 254 3483 ΕΖΔα.
329 3431 424 3501 ΕΖΔ]
445 3433 568 3483 ΕΔΖν.
641 3430 1025 3499 τη-17.ΕΖΔ]οω.ο.
1102 3435 1143 3485 18.

126 3499 224 3570 ΘΗΛ]
243 3509 298 3554 τῶν
320 3503 406 3555 ΘΗΖ
425 3518 449 3555 a.
524 3496 680 3568 δεδομένην
697 3499 815 3569 εὐθεῖαν
829 3499 880 3567 τήν
900 3516 924 3554 a.
999 3505 1042 3555 20.
1063 3502 1145 3556 δεδο-
