2400 3840
10 214 13 220 .
120 165 184 228 146
525 164 729 218 AEAOMEN'A.

187 312 269 374 ἔστω
298 309 360 373 δύο
388 311 535 393 τρίγωνα
562 308 603 372 τά
630 310 745 390 ΑΒΓ,
768 311 870 370 ΑΕΖ
902 307 985 391 πρὸς
1013 308 1139 389 ἀλληλα

122 419 223 497 λόγον
237 417 354 498 έχοντα
369 412 561 497 δεδομένον,
579 411 635 477 καὶ
649 413 853 504 ἔστωσανχαὶ
868 414 952 498 πρὸς
966 423 1036 488 τοῖς
1050 417 1092 496 Α,
1107 417 1140 475 Δ

120 523 239 603 γωνίαι
267 521 340 602 ἤτοι
369 526 437 585 ἴσαι
465 519 486 603 ἢ
514 522 624 585 ἀνισοι
651 517 726 604 μέν,
754 516 929 603 δεδομέναι
957 517 1009 582 δέ·
1043 516 1140 601 λέγω,

124 627 175 692 ότι
200 624 290 691 ἐστὶν
313 625 401 708 ώςὴ
424 630 491 690 ΑΒ
514 627 598 712 πρὸς
620 627 682 709 τὴν
699 631 776 710 ΔΕ,
800 625 906 701 οὕτως
928 623 949 706 ἡ
968 628 1035 688 ΔΖ
1058 626 1141 710 πρὸς

87 733 165 815 σῆν
188 732 208 815 ἡ
231 735 302 797 ΑΓ
320 734 421 813 λόγον
444 733 510 814 ἔχει
533 729 724 815 δεδομένον.

189 839 487 923 συμπεπληρώσθω
502 838 565 923 γάρ
580 839 620 902 τά
633 842 712 920 ΑΗ,
721 842 755 900 Δ
763 841 791 901 Θ
804 839 1140 921 παραλληλόγραμμα.

189 943 244 1009 καὶ
273 943 343 1009 έιιεὶ
370 947 469 1027 λόγος
494 941 564 1008 ἐστὶ
586 950 646 1008 τοῦ
669 946 776 1008 ΑΒΓ
796 943 962 1028 τριγώνου
990 944 1074 1028 πρὸς
1102 945 1140 1007 τὸ

122 1055 226 1116 ΔΕΖ
249 1054 414 1136 τρίγωνον
438 1051 567 1133 δοθείς,
593 1053 690 1133 λόγος
712 1052 777 1135 ἀρα
799 1048 855 1113 καὶ
878 1058 938 1114 τοῦ
961 1053 1039 1114 ΑΗ
1056 1070 1140 1134 ιταρ-

126 1157 403 1241 αλληλογράμμου
432 1157 516 1241 πρὸς
547 1158 585 1220 τὸ
612 1160 681 1220 ΑΘ
712 1158 1056 1242 παραλληλόγραμμον
1086 1156 1141 1219 δο-

71 1274 105 1321 10
123 1266 206 1338 θείς.
257 1260 326 1327 ἐπεὶ
354 1257 416 1327 οὖν
445 1262 507 1326 δύο
534 1264 860 1347 παραλληλόγραμμα
892 1263 932 1326 τὰ
959 1265 1047 1345 ΑΗ,
1071 1266 1105 1324 Α
1113 1266 1142 1326 Θ

122 1369 206 1452 πρὸς
233 1370 358 1451 ἀλληλα
385 1369 487 1450 λόγον
515 1371 580 1452 ἔχει
606 1365 786 1451 δεδομένον
809 1369 882 1451 ἤτοι
906 1367 942 1433 έν
966 1374 1053 1444 ἴσαις
1076 1392 1141 1450 γω-

123 1478 211 1549 νίαις
230 1472 251 1556 ἢ
270 1473 398 1549 ἀνίσοις
416 1471 488 1557 μέν,
507 1473 700 1558 δεδομένοις
719 1473 766 1558 δέ,
785 1477 875 1538 ἔστιν
894 1476 958 1559 ἀρα
972 1474 1017 1549 ὡς
1037 1471 1055 1556 ἡ
1073 1478 1141 1538 ΑΒ

124 1581 209 1665 πρὸς
227 1582 288 1664 τὴν
304 1584 383 1664 ΔΕ,
407 1579 513 1655 οὕτως
531 1578 552 1662 ἡ
570 1585 604 1644 Δ
610 1584 638 1643 Ζ
659 1581 743 1665 πρὸς
760 1579 803 1662 ἣν
821 1579 842 1663 ἡ
862 1583 933 1644 ΑΓ
951 1582 1053 1662 λόγον
1076 1583 1142 1663 ἔχει

38 1769 43 1779 ⁸
124 1684 278 1750 δοθέντα.
335 1675 341 1685 ’

72 1785 105 1834 15
602 1773 662 1843 os'.

191 1897 267 1963 Ἐἀν
286 1899 452 1983 τριγώνου
472 1895 652 1982 δεδομένου
670 1907 716 1985 τῷ
736 1900 816 1963 εἴδει
836 1899 899 1964 ἀπὸ
916 1909 974 1982 τῆς
991 1908 1144 1984 κορυφῆς

127 2001 181 2068 έιιὶ
209 2006 271 2086 τὴν
300 2004 401 2087 βάσιν
432 2005 574 2080 ιιάθετος
606 2002 709 2089 ἀχθῇ,
742 2003 762 2086 ἡ
796 2004 936 2089 ἀχθεῖσα
966 2006 1050 2092 πρὸς
1067 2007 1144 2089 ’τὴν

125 2110 227 2193 βάσιν
250 2112 352 2192 λόγον
374 2113 440 2194 ἔχει
464 2109 653 2194 δεδομένον.

195 2219 276 2281 ἔστω
304 2219 470 2300 τρίγωνον
498 2214 679 2299 δεδομένον

74 2333 108 2382 20
127 2330 172 2408 τῷ
197 2322 277 2385 εἴδει
302 2322 339 2385 τὸ
362 2324 473 2404 ΑΒΓ,
504 2319 560 2385 καὶ
582 2322 677 2405 ἤχθω
872 2332 897 2576 A
969 2334 996 2574 ἶ

127 2426 191 2490 ἀπὸ
202 2435 262 2490 τοῦ
272 2432 304 2490 A
318 2423 372 2490 έιτὶ
385 2428 446 2508 τὴν
460 2429 529 2490 ΒΓ
536 2427 677 2503 ιιάθετος

127 2531 255 2614 ἡΑΛ·
288 2528 387 2614 λέγω,
411 2531 461 2595 ότι
487 2534 586 2615 λόγος
609 2530 678 2596 ἐστὶ
734 2554 761 2602 Β
911 2583 937 2638 Δ
1103 2551 1132 2602 Γ

127 2647 185 2720 τῆς
203 2643 269 2702 ΑΛ
290 2638 374 2723 πρὸς
392 2639 453 2721 τὴν
469 2641 537 2703 ΒΓ
555 2633 678 2714 δοθείς.

196 2742 265 2808 ἐπεὶ
287 2743 350 2828 γάρ
375 2742 507 2808 δέδοται
531 2745 568 2808 τὸ
591 2747 696 2809 ΑΒΓ
714 2748 879 2829 τρίγωνον
902 2752 947 2830 τῷ
971 2742 1063 2826 εἴδει,
1088 2743 1143 2806 δο-

75 2861 109 2909 25
127 2857 227 2915 θεῖσα
251 2850 316 2935 ἀρα
339 2848 409 2914 ἐστὶ
436 2848 492 2914 καὶ
514 2849 535 2932 ἡ
558 2849 624 2915 ὑπὸ
646 2855 747 2915 ΑΒΔ
774 2852 889 2932 γωνία.
935 2851 1004 2913 ἔστι
1028 2844 1065 2911 δέ
1088 2846 1145 2913 καὶ

200 3084 224 3131 2.
251 3076 361 3148 έχοντα]
381 3073 518 3154 ἐχέτωσαν
537 3077 564 3131 b.
656 3075 698 3148 αἱ]
718 3093 771 3131 om.
791 3076 818 3130 b.
910 3081 936 3129 4.
960 3075 1022 3146 AB]
1042 3081 1064 3128 Α
1072 3079 1100 3129 Γ
1113 3075 1144 3129 Ρ.

164 3149 237 3220 ΔΕ]
257 3152 310 3202 ΒΕ
328 3148 355 3202 b.
420 3155 445 3202 ὁ.
464 3145 500 3216 ἣν
519 3147 549 3273 ἡὶ]
568 3146 619 3215 τήν
638 3147 665 3202 b.
731 3153 754 3201 6.
775 3147 921 3237 ΔδχΔΕ
938 3145 965 3199 b.
1031 3146 1147 3200 &Posss

128 3218 264 3289 τρίγωνον
288 3218 352 3273 add.
374 3217 453 3273 ἔστιν’
473 3219 534 3273 εἰδ
567 3218 632 3273 δί).
716 3221 758 3271 12.
777 3217 808 3289 ἥ]
827 3237 890 3285 ητοι
908 3217 987 3284 Vat„
1012 3235 1070 3271 -τοι
1089 3215 1144 3271 del.

128 3308 164 3344 m.
185 3297 209 3345 2.
283 3289 314 3344 ἐν
333 3287 442 3351 ἀνίσοις
459 3288 487 3343 b.
575 3295 616 3343 13.
635 3287 708 3357 ἣνὴ
740 3287 792 3356 τήν
811 3288 839 3341 b.
926 3291 968 3341 18.
988 3285 1145 3356 δεδομένον

128 3365 166 3433 τῷ
186 3360 256 3415 εἴδει
274 3359 300 3414 b.
367 3365 408 3414 19.
434 3359 500 3414 ἔστω
521 3391 551 3400 -
573 3366 615 3414 20.
635 3358 705 3414 ελδει
736 3376 789 3414 om.
809 3358 836 3412 b.
903 3363 945 3412 22.
965 3358 1039 3411 Ante
1058 3358 1077 3427 ὴ
1096 3363 1147 3412 ΑΔ

130 3431 194 3485 add.
214 3425 297 3499 ἦκται
315 3430 342 3483 b.
433 3429 525 3501 λόγος]
547 3428 678 3500 ἡμίλογός
695 3430 722 3483 b.
816 3435 857 3484 25.
883 3429 938 3483 ἐστὶ
957 3425 1018 3500 καί]
1043 3445 1097 3483 om.
1117 3428 1145 3482 b.

48 3508 146 3620 κ
165 3501 253 3571 ΑΒΔ]
272 3510 327 3555 ιω
346 3505 421 3554 ΑΔΒ
440 3499 467 3556 b.
