2400 3840
139 161 181 225 gg
542 163 746 215 AEAOMENA.

140 304 300 391 δεδομένα
319 315 364 393 τῷ
380 306 461 370 εῖδει
480 305 727 392 ἀναγεγράφθω
742 305 782 370 τα
796 312 829 370 Α
835 309 907 391 ΒΓ,
920 312 989 372 ΑΔ
995 312 1024 372 Β
1030 327 1038 342 ·
1063 306 1159 394 λέγω,

141 413 191 478 ὅτι
215 416 313 495 λόγος
337 409 406 476 ἐστὶ
429 420 489 477 τοῦ
513 415 614 476 ΑΓΒ
636 414 721 498 πρὸς
743 413 780 478 τὸ
804 417 905 477 ΑΛΒ
928 414 1055 491 δοθείς.

207 521 368 602 ἤχθωσαν
396 518 459 583 απὸ
487 530 555 583 τῶν
582 523 676 603 Α,Β
704 523 850 604 σημείων
876 530 915 605 τῇ
942 524 1010 584 ΑΒ
1041 521 1158 609 εὐθείᾳ

140 627 222 711 πρὸς
236 625 343 710 ὀρθὰς
357 626 394 689 αί
405 631 437 689 Α
442 630 482 708 Ε,
496 629 565 688 ΗΒ
583 622 639 689 καὶ
654 624 932 710 ἐκβεβλήσθωσαν
946 624 1000 692 ἐπὶ
1014 628 1056 692 τὰ
1072 633 1110 713 Z,
1120 635 1158 714 Θ,

105 732 195 797 σκαλ
219 733 275 796 διὰ
298 743 365 797 τῶν
386 734 469 815 Γ,Α
492 733 637 816 σημείων
659 742 698 817 τῇ
722 736 788 796 ΑΒ
812 732 929 820 εὐθείᾳ
951 734 1158 819 παραλληλοι

140 841 302 923 ἤχθωσαν
326 839 362 902 αἱ
378 842 491 920 ΕΓΗ,
512 843 619 902 m).
656 837 725 902 ἐπεὶ
749 837 881 903 δέδοται
903 841 941 904 τὸ
964 844 1072 905 ΑΒΓ
1090 845 1157 929 τρί-

141 969 250 1028 γωνον
273 954 318 1032 τῷ
343 945 433 1027 εῖδει,
456 947 554 1027 λόγος
577 943 646 1008 ἐστὶ
669 954 727 1028 τῆς
747 948 807 1009 ΓΑ
829 947 912 1032 πρὸς
935 947 996 1030 τὴν
1015 951 1079 1012 ΒΑ
1102 949 1157 1013 δο-

139 1056 222 1127 θείς.
260 1049 329 1116 ἐπεὶ
353 1047 415 1117 οὐν
439 1050 578 1116 δοθεῖσα
599 1049 689 1115 ἐστιν
711 1049 732 1133 ἡ
750 1039 821 1145 ὑπό
834 1062 903 1116 τῶν
923 1055 1017 1117 ΓΑΒ
1041 1058 1158 1138 γωνία,

141 1162 209 1223 ἔστι
234 1156 269 1222 δδ
292 1155 347 1223 καὶ
370 1158 390 1242 ἡ
413 1157 478 1222 ὑπὸ
502 1169 569 1222 τῶν
591 1162 692 1221 ΕΑΒ
715 1159 869 1243 δοθεῖσα,
892 1155 949 1222 καὶ
969 1160 1069 1244 λοιαὴ
1094 1162 1158 1247 αμα

88 1264 161 1346 1οὴ
189 1265 254 1329 ὑπὸ
283 1275 350 1327 τῶν
374 1267 479 1328 ΕΑΓ
506 1263 575 1328 ἐστι
603 1264 751 1329 δοθεῖσα.
798 1267 867 1328 ἔστι
895 1261 933 1329 δὲ
960 1263 1016 1329 καὶ
1044 1267 1064 1349 ἡ
1091 1266 1157 1330 ὑπὸ

141 1381 208 1435 τῶν
231 1373 337 1434 ΑΕΓ
354 1373 460 1453 γωνία
484 1371 635 1435 δοθεῖσα·
667 1368 724 1434 καὶ
748 1372 845 1455 λοιπὴ
869 1372 934 1457 αμα
957 1371 977 1454 ἡ
1001 1371 1067 1436 ὐπὸ
1091 1383 1160 1436 τῶν

85 1541 87 1544 ⁴
141 1480 237 1541 ΒΓΑ
261 1476 400 1542 δοθεῖσα
424 1475 527 1542 ἐστιν·
562 1474 700 1542 δέδοταιΙ
716 1478 781 1561 αμα
803 1478 840 1541 τὸ
864 1481 1160 1564 ΑΕΓτρίγωνον

141 1592 185 1669 τῷ
214 1584 307 1647 εῖδει·
341 1585 439 1665 λόγος
467 1584 531 1668 αμα
557 1592 615 1666 τῆς
642 1581 709 1666 ΕΑ
736 1584 819 1668 πρὸς
846 1584 908 1667 τὴν
934 1587 1007 1648 ΑΓ
1033 1586 1159 1661 δοθείς.

141 1698 198 1771 τῆς
221 1686 258 1752 δὲ
282 1693 342 1754 ΓΑ
364 1690 446 1775 πρὸς
469 1690 530 1771 τὴν
555 1692 621 1752 ΑΒ
649 1691 748 1772 λόγος
771 1687 839 1754 ἐστὶ
863 1691 990 1767 δοθείς·
1021 1689 1160 1776 καὶτῆς

88 1811 122 1857 15
141 1801 210 1860 EA
242 1797 306 1881 αρα
333 1797 416 1881 πρὸς
443 1797 505 1878 τὴν
532 1799 599 1859 ΑΒ
632 1798 730 1877 λόγος
757 1794 826 1861 ἐστὶ
854 1797 977 1872 δοθείς.
1033 1798 1091 1862 δια
1117 1799 1160 1862 τα

141 1903 226 1967 αὐτὰ
250 1903 290 1986 δὴ
314 1899 368 1966 καλ
391 1910 445 1985 τῆς
465 1905 530 1965 ΖΑ
552 1903 636 1986 πρὸς
654 1903 715 1985 τὴν
734 1905 799 1965 ΑΒ
824 1905 922 1986 λόγος
941 1901 1010 1967 ἐστὶ
1028 1904 1159 1981 δοθείς·

142 2011 224 2074 ὥστε
251 2007 306 2073 καὶ
333 2018 391 2092 τῆς
418 2013 485 2072 ΕΑ
511 2009 595 2093 πρὸς
622 2010 684 2091 τὴν
711 2012 778 2071 ΑΖ
810 2012 909 2091 λόγος
936 2007 1005 2073 ἐστὶ
1032 2011 1160 2088 δοθείς.

141 2120 199 2180 καί
216 2116 306 2180 ἐστιν
326 2115 371 2190 ὡς
388 2113 408 2197 ἡ
427 2120 497 2179 ΑΕ
516 2116 600 2200 πρὸς
618 2116 680 2198 τὴν
698 2120 731 2178 Α
737 2119 775 2199 Z,
798 2115 905 2192 οὕτως
922 2115 959 2180 τὸ
978 2099 1057 2180 ΑΗ
1075 2118 1161 2198 πρὸς

141 2225 178 2287 τὸ
204 2227 278 2286 ΘΑ
312 2222 395 2285 ὥστε
422 2219 476 2284 καὶ
504 2228 563 2284 τοῦ
591 2224 668 2284 ΑΗ
695 2222 779 2307 πρὸς
806 2223 843 2286 τὸ
867 2227 936 2286 ΑΘ
962 2225 1062 2304 λόγος
1090 2221 1161 2288 ἐστὶ

33 2310 36 2316 ’
89 2342 122 2389 20
142 2330 266 2404 δοθείς.
311 2329 370 2390 καί
389 2325 458 2390 ἐστι
485 2335 546 2390 τοῦ
573 2323 634 2411 μὲν
657 2330 733 2391 ΑΗ
755 2328 857 2413 ἥμισυ
885 2330 923 2393 τὸ
948 2332 1065 2412 ΑΒΓ,
1098 2338 1160 2394 τοῦ

143 2431 179 2497 δὲ
202 2438 271 2497 ΑΘ
297 2433 398 2515 ἥμισυ
426 2433 462 2495 τὸ
487 2437 600 2497 ΑΑΒ·
633 2432 689 2498 καὶ
712 2443 772 2498 τοῦ
795 2438 903 2499 ΑΒΓ
923 2436 988 2520 αμα
1011 2436 1099 2522 πρὸς
1122 2437 1162 2501 τὸ

141 2543 241 2603 ΑΛΒ
265 2541 363 2620 λόγος
386 2536 454 2602 ἐστὶ
477 2539 601 2616 δοθείς.

612 2680 683 2766 (σθ’.

207 2784 284 2850 Ἐὰν
312 2785 375 2851 απὸ
403 2796 461 2870 τῆς
488 2788 590 2871 αὐτῆς
617 2788 751 2864 εὐθείας
778 2789 841 2852 δύο
869 2789 1107 2875 εὐθύγραμμα,
1141 2791 1161 2855 δ

90 2906 122 2955 25
142 2896 267 2977 ἔτυχεν,
291 2893 468 2980 ἀναγραφῇ
493 2891 654 2978 δεδομένα
676 2903 722 2980 τῷ
746 2895 841 2978 εῖδει,
865 2897 967 2977 λόγον
989 2893 1053 2973 ἕξει
1076 2899 1162 2984 πρὸς

142 3003 267 3082 αλληλα
291 2999 479 3084 δεδομένον.

141 3155 601 3282 εείαΔΒ]εῑ4λίελῗλί·ε,
661 3161 695 3280 2⁷1
709 3157 1163 3285 ffl?]2za‘{f{a{.¹³50w02{ffl

141 3299 233 3368 ὴύπδ
253 3303 336 3353 ΒΑΓ
351 3295 438 3368 γωνία
457 3297 484 3352 b.
568 3303 592 3351 9.
612 3295 753 3368 ual(a1t.)]
773 3315 826 3353 om.
846 3298 910 3352 Vat.
995 3305 1036 3353 10.
1058 3303 1162 3373 ΕΑΓ]

34 3364 40 3372 ’
141 3373 225 3424 ΑΓΕ
243 3368 331 3439 γωνία
350 3370 377 3424 b.
434 3368 490 3422 ἐστι
509 3369 650 3494 δοθεῖσαέ
660 3367 780 3422 δοθεῖσα
795 3369 852 3423 ἐστι
869 3370 896 3424 b.
953 3368 1031 3494 ἔστιγ1
1042 3369 1118 3427 ἔστιν
1134 3390 1161 3428 V.

178 3447 219 3494 11.
243 3450 298 3495 τῶν
313 3441 386 3511 (pr.)]
406 3456 459 3495 om.
479 3440 506 3494 b.
562 3461 619 3510 γαν
651 3441 734 3510 ]0m.
754 3439 781 3494 b.
839 3446 880 3494 12.
901 3439 958 3494 ἐστι
977 3457 1009 3494 οο
1032 3442 1057 3496 d.
1117 3449 1160 3498 13.

142 3512 206 3582 ΕΑ]
226 3514 279 3564 ΑΕ
297 3528 322 3564 v.
391 3512 461 3582 ΑΓ]
483 3514 527 3563 ΓΑ
546 3510 573 3565 b.
653 3515 694 3565 15,
715 3511 778 3582 EA]
798 3515 851 3565 ΑΕ
869 3511 895 3565 b.
970 3511 1039 3584 αρα]
1059 3529 1114 3570 om.
1132 3514 1160 3569 b.
