2400 3840
125 189 189 253 135
527 190 732 242 ΔΕΔοΜωΝΑ.

125 331 161 398 δέ
184 336 242 410 τὰς
259 335 342 420 πρὸς
360 345 430 410 τοῖς
448 339 490 418 Α,
505 339 538 404 Α
562 335 599 397 αί
614 325 754 415 πλευραὶ
771 334 854 418 πρὸς
873 332 1015 416 ἀλλήλας
1034 335 1136 414 λόγον

125 443 237 524 έχουσι
260 439 450 525 δεδομένον,
472 437 529 504 καὶ
552 440 592 503 τὰ
609 443 933 525 παραλληλόγραμμα
952 442 1053 521 λόγον
1072 437 1136 516 ἕξει

125 546 305 631 δεδομένον
327 549 410 633 πρὸς
432 535 576 629 όίλληλα·Ι
602 549 700 628 λόγος
723 548 787 631 ἄρα
809 555 869 610 τοῦ
892 549 969 610 ΑΗ
991 547 1075 631 πρὸς
1097 547 1135 610 τὸ

124 658 191 717 ΑΖ
219 654 341 730 δοθείς.
387 657 445 718 καί
470 653 538 718 ἐστι
566 662 626 717 τοῦ
654 649 715 737 μὲν
737 656 814 717 ΑΗ
841 653 942 736 ἥμισυ
969 653 1006 716 τὸ
1034 655 1143 716 ΑΒΓ

89 772 105 820 5
124 764 300 846 τρίγωνον,
322 769 382 825 τοῦ
406 757 443 824 δὲ
465 764 531 824 ΑΖ
555 761 591 825 τὸ
610 751 726 824 ΑΕΘ·
751 762 848 842 λόγος
870 761 934 844 ἄρα
957 768 1016 822 τοῦ
1036 762 1144 822 ΑΒΓ

124 867 208 952 πρὸς
230 867 266 931 τὸ
290 871 393 932 ΑΕΘ
416 871 580 956 τρίγωνον
603 867 725 942 δοθείς.

602 1060 665 1144 οβ’.

191 1184 268 1250 Ἐὰν
291 1186 352 1250 δύο
376 1186 548 1270 τριγώνων
571 1186 659 1250 αἵτε
676 1186 789 1269 βοίσεις
808 1184 844 1249 ἐν
863 1185 1028 1271 δεδομένῳ
1048 1187 1137 1271 λόγω

127 1287 188 1357 ὦσι
215 1289 271 1355 καλ
298 1293 335 1356 αλ
361 1289 411 1356 ἐπ’
437 1292 538 1368 αὐτὰς
565 1290 704 1374 ἠγμέναι
733 1291 796 1356 οάιὸ
819 1302 887 1355 τῶν
910 1302 1041 1373 γωνιῶν
1064 1292 1139 1373 ἤτοι

74 1410 108 1458 10
127 1403 200 1474 ίσας
220 1401 341 1480 γωνίας
358 1406 514 1464 ποιοῦσαι
532 1396 553 1481 ἢ
572 1397 709 1474 ἀνίσους
726 1397 796 1483 μέν,
819 1396 997 1482 δεδομένας
1015 1395 1062 1480 δέ,
1080 1398 1139 1473 τὰς

126 1505 209 1590 πρὸς
232 1516 304 1582 ταις
326 1505 472 1589 βάσεσιν,
495 1502 551 1569 καλ
575 1505 658 1569 αὐτὰ
681 1505 721 1568 τὰ
743 1508 889 1590 τρίγωνα
911 1505 994 1590 πρὸς
1012 1506 1138 1587 ἄλληλα

127 1613 229 1693 λόγον
250 1610 315 1689 ἕξει
337 1610 526 1696 δεδομένον.

195 1721 276 1782 ἔστω
305 1719 367 1782 δύο
390 1722 535 1803 τρίγωνα
562 1719 603 1783 πολ
625 1721 735 1801 ΑΒΓ,
753 1723 868 1802 ΑΕΖ,
896 1716 951 1782 καὶ
978 1719 1141 1802 ἤχθωσαν

128 1826 165 1888 ί
185 1829 267 1907 ΑΗ
285 1830 355 1889 ΑΘ
381 1826 489 1908 ἤτοιί
487 1833 551 1901 σας
574 1829 696 1907 γωνίας
718 1833 875 1889 ποιοῦσαι
901 1825 960 1902 τὰς
981 1824 1047 1889 ὑπὸ
1071 1836 1139 1889 τῶν

76 1942 109 1990 15
128 1934 244 2013 ΑΗΓ,
262 1935 365 1995 ΑΘΖ
392 1929 413 2014 ἣ
436 1931 572 2008 ιἰνίσους
594 1929 670 2016 μέν,
698 1930 876 2015 δεδομένας
900 1929 950 2015 δέ,
978 1929 1033 1995 καὶ
1057 1934 1140 1996 έστω

129 2039 227 2120 λόγος
249 2047 307 2121 τῆς
329 2034 390 2123 μέν
408 2041 476 2102 ΒΓ
493 2039 576 2124 πρὸς
593 2043 656 2102 ΕΖ
680 2039 803 2120 δοθείς,
827 2047 885 2120 τῆς
908 2034 944 2102 δὲ
963 2041 1039 2102 ΑΗ
1058 2039 1142 2124 πρὸς

128 2145 191 2227 τὴν
212 2149 281 2209 ΑΘ
310 2146 436 2222 δοθείς·
468 2143 567 2229 λέγω,
595 2145 646 2210 ὅτι
672 2143 727 2210 ιιαλ
754 2153 814 2210 τοῦ
842 2148 947 2209 ΑΒΓ
974 2145 1142 2230 τριγώνου

129 2252 213 2336 πρὸς
235 2253 272 2316 τὸ
296 2256 397 2315 ΑΕΖ
420 2255 586 2334 τρίγωνον
609 2254 706 2334 λόγος
729 2250 799 2316 έσιλ
822 2253 944 2328 δοθείς.

197 2359 493 2443 συμπεπληρώσθω
508 2359 570 2444 γὰρ
585 2359 625 2423 τὰ
638 2361 713 2443 ΚΓ,
725 2362 789 2422 ΑΖ
807 2361 1144 2444 παραλληλόγραμμα.

77 2474 111 2522 20
196 2461 252 2527 καλ
275 2460 343 2527 ἐπεὶ
367 2464 404 2528 αί
418 2463 484 2527 ὑπὸ
503 2474 570 2528 τῶν
588 2468 665 2528 ΑΗ
667 2467 704 2548 Γ,
717 2468 820 2528 ΑΘΖ
843 2467 961 2546 γωνίαι
980 2465 1053 2546 ἤτοι
1072 2471 1144 2529 ίσαι

130 2571 230 2652 εἰσίν,
253 2567 274 2651 ἢ
297 2571 408 2634 όίνισοι
430 2568 505 2654 μέν,
528 2569 702 2654 δεδομέναι
730 2568 781 2653 δέ,
809 2577 862 2653 ίση
889 2567 926 2635 δὲ
948 2571 969 2654 ἡ
992 2568 1053 2654 μὲν
1075 2571 1143 2636 ὑπὸ

129 2686 197 2740 τών
215 2678 326 2740 ΑΗΓ
343 2685 383 2760 τῇ
405 2674 470 2740 ὑπὸ
489 2678 598 2760 ΚΒΓ,
621 2677 642 2760 ἡ
666 2673 703 2741 δὲ
724 2676 789 2742 ὑπὸ
808 2689 875 2742 τῶν
892 2681 995 2741 ΑΘΖ
1017 2687 1057 2762 νῇ
1076 2677 1143 2743 ὑπὸ

130 2793 198 2847 τῶν
222 2785 335 2865 ΑΕΖ,
367 2778 422 2845 καλ
450 2783 487 2846 αλ
510 2783 594 2867 πρὸς
620 2794 690 2858 τοῖς
711 2786 755 2865 Β,
774 2787 806 2846 Β
831 2785 895 2868 ἄρα
923 2787 1040 2866 γωνίαι
1068 2785 1144 2866 ίγτοι

132 2895 200 2955 ίσαι
224 2888 310 2953 είσὶν
332 2887 352 2971 ἢ
376 2890 486 2954 ἄνισοι
509 2888 579 2973 μέν,
604 2887 777 2973 δεδομέναι
802 2888 846 2953 δέ.
882 2889 937 2955 καὶ
957 2889 1025 2955 ἐπεὶ
1044 2894 1146 2973 λόγος

77 3009 112 3058 25
131 2994 200 3062 ἐστὶ
223 3006 280 3079 τῆς
298 3000 375 3060 ΑΗ
392 2997 475 3081 πρὸς
497 2997 558 3079 τὴν
575 3000 644 3060 ΑΘ
666 2996 792 3080 δοθείς,
815 3002 869 3079 ίση
893 2994 930 3061 δὲ
952 2997 972 3080 ἡ
991 2994 1051 3082 μέν
1070 3002 1150 3063 ΑΗ

132 3112 171 3188 τῇ
194 3106 275 3187 ΚΒ,
307 3104 327 3187 ἡ
356 3099 392 3168 δέ
414 3107 484 3167 ΑΘ
511 3113 550 3189 τῇ
579 3107 658 3187 ΛΕ,
690 3105 836 3186 λόγος”
816 3128 879 3189 αρα
908 3102 976 3168 ἐστὶ
1001 3103 1057 3168 καὶ
1084 3115 1145 3189 τῆς

204 3260 307 3332 λεώς]
327 3278 380 3314 om.
399 3259 426 3314 b
496 3265 519 3314 2.
539 3259 824 3383 παραλληλόγραμμα]
842 3257 1007 3329 τρίγωναα
1073 3261 1145 3329 πρὸς

133 3332 236 3401 ἄλληλα
259 3332 307 3401 λόγ
309 3352 342 3387 ον
366 3329 421 3396 έξει
442 3328 649 3399 δεδομένονλι.
730 3336 755 3385 4.
779 3336 912 3385 ΑΒΓ-
932 3338 955 3386 5.
974 3331 1018 3403 τό]
1042 3349 1095 3387 om.
1116 3333 1144 3388 b

168 3408 309 3457 ΑΒΓιι
265 3424 347 3473 ριγω
326 3402 446 3457 ώνονλ).
507 3408 531 3456 6.
550 3402 593 3472 τό]
613 3401 703 3456 omb.
763 3407 787 3455 8.
807 3401 1057 3496 βώσειςαότῶνλμ.
1120 3409 1144 3458 9.

134 3467 201 3528 ὦσιν
220 3493 244 3528 ν.
322 3472 363 3543 αἱ]
384 3490 468 3542 supra
488 3473 551 3527 add.
571 3491 606 3527 m.
627 3479 692 3540 2v‚
713 3472 805 3528 om..b
884 3475 1004 3527 Post'
971 3495 1007 3529 αν
990 3473 1059 3537 οιολς
1076 3475 1143 3529 hab.

44 3606 48 3615 Ι
134 3543 182 3599 διὰ
209 3545 240 3599 τὸ
268 3545 299 3599 ἐκ
326 3552 424 3599 κοινοῦ
448 3544 531 3630 λόγον
556 3543 648 3614 έχουσι
672 3541 825 3612 δεδομένον
850 3545 877 3599 b
968 3546 1037 3618 ἀπό]
1062 3546 1093 3601 ἐκ
1116 3546 1145 3602 b.
