2400 3840
130 156 173 220 60
532 159 737 210 AEAOMENA.

197 303 291 383 ἥχθω
315 300 378 386 γὰρ
401 299 465 365 ἀπὸ
489 308 549 364 τοῦ
568 303 601 362 A
623 296 677 363 ἐπὶ
699 300 761 383 την
778 303 848 364 ΒΓ
864 299 1007 376 κάθετος
1029 298 1050 381 ἡ
1070 304 1147 364 ΑΘ.

131 404 199 470 ἐπεὶ
219 406 282 470 ἀπὸ
301 404 483 490 δεδομένου
502 408 640 489 σημείου
658 414 718 470 τοῦ
732 410 765 469 Α
784 403 837 470 ἐπὶ
854 405 949 471 θέσει
963 405 1148 491 δεδομένην

131 513 268 576 εὐθεῖαν
285 514 347 595 τὴν
360 515 428 577 ΒΓ
441 511 557 576 εὐθεῖα
575 513 707 598 γραμμὴ
726 506 823 594 ίμιται
840 511 861 595 ἡ
875 517 908 576 Α
915 517 945 577 Θ
962 511 1147 598 δεδομένην

129 627 273 683 ποιοῦσα
296 621 423 700 γωνίαν
445 619 507 701 τὴν
528 617 594 681 ὑπὸ
617 627 685 682 τῶν
708 621 741 680 Α
748 622 824 700 ΘΔ,
849 616 942 682 θέσει
966 619 1031 704 ἄρα
1054 616 1146 683 ἐστὶν

95 739 111 787 ο
130 723 150 805 ἡ
169 729 202 788 A
209 729 245 789 Θ.
282 722 376 789 θέσει
399 719 436 788 δὲ
459 721 514 788 καὶ
537 722 557 805 ἡ
576 726 657 788 ΒΓ·
681 719 786 788 δοθέν
804 725 869 810 ίίρα
887 725 924 788 τὸ
944 728 973 788 Θ
995 737 1142 809 σημεῖον.

131 834 199 896 ἔστι
224 827 259 894 δὲ
287 827 402 894 καὶτὸ
426 834 459 893 A
486 827 598 893 δοθέν.
645 830 785 893 δοθεῖσα
813 831 878 914 ἄρα
906 827 998 895 ἐστίν
1024 829 1044 912 η
1068 836 1145 895 ΑΘ.

129 936 185 1002 καὶ
209 934 278 1001 ἐπεὶ
302 939 399 1019 λόγος
422 945 480 1018 τῆς
502 939 572 999 ΔΕ
596 936 680 1021 πρὸς
703 937 854 1020 τὴνΕΑ
881 935 1010 1019 δοθείς,
1038 935 1084 1012 ὡς
1107 934 1143 1001 δέ

130 1045 244 1127 ME
272 1043 356 1128 πρὸς
383 1043 444 1125 τὴν
472 1045 553 1124 EA,
586 1041 692 1118 οὕτως
719 1040 740 1124 ἡ
771 1045 838 1105 ΘΚ
866 1042 951 1128 πρὸς
976 1043 1039 1126 την
1068 1046 1147 1126 KA,

131 1152 228 1230 λόγος
251 1150 315 1234 ἄρα
337 1145 390 1211 καί
416 1146 433 1211 ὁ
457 1156 516 1230 τῆς
541 1151 609 1211 ΘΚ
628 1148 711 1233 πρὸς
734 1148 795 1230 τὴν
818 1151 884 1211 ΚΑ
906 1148 1031 1224 δοθείς.
1068 1165 1147 1214 συν-

79 1267 112 1314 10
130 1253 227 1317 θέντι
250 1254 314 1338 ἄρα
337 1255 435 1335 λόγος
459 1251 527 1317 ἐστὶ
551 1263 610 1337 τῆς
634 1258 695 1318 ΘΑ
717 1254 800 1339 πρὸς
823 1257 895 1317 AK
920 1254 1045 1330 δοθείς.
1093 1257 1146 1320 δο-

32 1359 36 1366 ’
131 1366 230 1423 θεῖσα
258 1355 294 1423 δδ
322 1357 342 1440 ἡ
369 1363 442 1423 ΘΑ·
476 1359 617 1424 δοθεῖσα
644 1361 709 1445 ἄρα
735 1357 791 1425 καὶ
819 1360 940 1443 MK.
986 1359 1072 1426 ἀλλὰ
1094 1360 1148 1426 καί

131 1474 170 1549 τῇ
194 1463 296 1529 θέσει.
336 1468 395 1529 καί
417 1465 485 1530 ἐστι
507 1467 545 1530 τὸ
564 1470 597 1529 A
620 1464 737 1531 δοθέν·
767 1462 870 1531 δοθὲν
893 1468 957 1551 ἄρα
975 1464 1088 1533 καὶτὸ
1107 1471 1147 1531 K.

132 1567 292 1637 ἐπεὶ-οὖν
319 1571 375 1634 διὰ
403 1570 585 1655 δεδομένου
614 1575 750 1656 σημείου
781 1581 841 1636 τοῦ
869 1576 904 1636 Κ
932 1574 1023 1659 παρὰ
1054 1573 1148 1639 θέσει

132 1675 314 1761 δεδομένην
333 1677 469 1742 εὐθεῖαν
485 1680 546 1760 τὴν
560 1681 628 1742 ΒΓ
642 1678 758 1742 εὐθεῖα
776 1680 907 1764 γραμμὴ
922 1673 1019 1761 ἦκται
1032 1678 1053 1762 ἡ
1070 1683 1147 1763 ΖΗ,

79 1797 111 1845 15
130 1783 223 1849 θέσει
247 1781 424 1868 όίραέστλν
447 1782 467 1865 ἡ
493 1788 568 1847 ΖΗ.

607 1976 669 2046 λς’.

195 2101 271 2166 Ἐὰν
299 2101 363 2167 ἀπὸ
391 2101 573 2186 δεδομένου
601 2104 739 2185 σημείου
767 2099 821 2166 έπὶ
847 2101 942 2168 θέσει
965 2102 1149 2189 δεδομένην

132 2209 268 2272 εὐθεῖαν
296 2207 412 2272 εὐθεῖα
440 2209 571 2292 γραμμὴ
600 2207 690 2293 ἀχθῇ
717 2206 772 2273 καὶ
799 2214 967 2294 προστεθῇ
990 2232 1042 2285 τις
1063 2210 1147 2296 αὐτῇ

133 2314 248 2378 εὐθεῖα
281 2316 382 2395 λόγον
409 2317 529 2396 ἔχουσα
555 2316 639 2401 πρὸς
666 2315 771 2399 αὐτὴν
799 2313 994 2399 δεδομένον,
1027 2316 1084 2380 διὰ
1112 2311 1147 2380 δὲ

80 2430 115 2478 20
134 2427 193 2483 τοῦ
230 2418 370 2503 πέρατος
397 2404 463 2500 Ιτῆς
495 2425 734 2506 προστεθείσης
769 2422 858 2506 παρὰ
890 2423 951 2505 την
982 2431 1023 2507 τῇ
1055 2421 1148 2487 θέσει

133 2523 315 2607 δεδομένην
346 2524 484 2589 εὐθεῖαν
516 2527 632 2591 εὐθεῖα
664 2530 796 2613 γραμμὴ
829 2527 933 2613 ἀχθῇ,
965 2526 1099 2593 δέδοται
1125 2527 1144 2610 ἡ

132 2629 272 2712 ἀχθεῖσα
294 2640 333 2716 τῇ
356 2628 458 2695 θέσει.

199 2735 263 2800 ἀπὸ
286 2736 349 2822 γὰρ
373 2735 555 2821 δεδομένου
579 2742 716 2823 σημείου
734 2748 794 2804 τοῦ
814 2744 847 2803 A
870 2737 923 2805 ἐπὶ
941 2738 1036 2805 θέσει
1054 2741 1146 2805 δεδο-

132 2839 235 2925 μένην
262 2842 399 2907 εὐθεῖαν
426 2846 488 2927 τὴν
510 2847 578 2908 ΒΓ
600 2845 717 2910 εὐθεῖα
743 2847 876 2931 γραμμὴ
905 2847 999 2931 ἤχθω
1023 2845 1044 2929 ἡ
1068 2851 1147 2928 ΑΔ,

79 2957 113 3005 25
131 2947 186 3013 καὶ
208 2953 420 3036 προσκείσθω
443 2959 483 3035 τῇ
502 2956 568 3015 ΑΔ
590 2951 611 3035 ἡ
630 2957 699 3016 ΑΕ
719 2955 821 3034 λόγον
845 2956 965 3037 ἔχουσα
984 2952 1068 3037 πρὸς
1086 2955 1147 3036 την

203 3147 227 3195 2.
248 3138 320 3212 ἐπεί]
340 3138 386 3194 ἐπί
404 3157 429 3194 α.
515 3140 585 3213 ἀπό]
605 3158 658 3196 om.
678 3159 703 3196 a.
790 3149 815 3198 4.
833 3145 926 3216 ΑΘΔ]
945 3149 971 3198 Δ
990 3143 1055 3197 add.
1074 3150 1144 3198 παῖ

131 3210 196 3265 vat.
269 3218 293 3265 6.
312 3209 415 3282 δοθέν]
435 3213 482 3265 δο-
502 3229 586 3282 supra
604 3232 640 3266 m.
662 3219 676 3265 1
695 3232 721 3267 v.
796 3220 820 3269 7.
839 3213 898 3286 καί]
919 3231 972 3269 om.
987 3215 1062 3284 Vat„
1082 3215 1145 3268 add.

132 3300 167 3335 m.
187 3288 212 3335 2.
284 3282 347 3354 τήν]
367 3299 420 3336 om.
440 3299 465 3337 a.
539 3282 638 3346 δοθείς
652 3316 686 3325 -
702 3289 726 3338 8.
747 3287 810 3408 EAI]
829 3286 851 3338 P
872 3285 902 3339 in
919 3303 975 3355 mg.
995 3302 1032 3339 m.
1053 3291 1078 3355 1,
1098 3285 1145 3340 sed

133 3351 189 3405 alio
213 3356 380 3407 atramensso.
478 3357 502 3406 8.
526 3353 595 3408 Ροεῖ
618 3360 671 3409 ΚΑ
699 3354 763 3409 add.
815 3375 845 3412 v:
878 3355 976 3419 δοθεὶς
1003 3353 1035 3411 δὲ
1060 3357 1076 3412 ὁ
1097 3364 1145 3426 τῆς

132 3425 189 3474 ΔΕ
206 3423 276 3490 πρὸς
293 3424 345 3493 τὴν
365 3428 417 3479 EA
435 3423 525 3493 λόγος,
545 3428 574 3479 et
588 3425 654 3480 dein
668 3442 753 3495 supra
767 3443 818 3480 ser.
834 3425 931 3489 δοθείς
943 3444 979 3480 m.
992 3434 1006 3481 1
1018 3427 1049 3482 P.
1105 3432 1144 3480 10.

131 3491 206 3544 Ante
232 3500 282 3561 τῆς
309 3510 393 3562 supra
417 3495 481 3548 add.
501 3494 550 3550 καί
569 3499 680 3567 (comp.)
698 3514 734 3550 m.
755 3502 770 3550 2
790 3515 815 3551 v.
907 3502 949 3552 11.
978 3497 1047 3570 ἄρα]
1071 3495 1103 3552 δέ
1120 3514 1145 3550 ε.
