2400 3840
371 1017 433 1088 Ad
461 1017 755 1092 definitiones

124 1229 152 1291 1.
181 1231 254 1291 Τῶν
274 1225 461 1310 δεδομένων
484 1223 603 1310 τὰμὲν
625 1225 719 1292 θέσει
743 1225 812 1292 ἐστὶ
836 1226 1006 1312 δεδομένα,
1028 1229 1069 1292 τδι

54 1330 93 1398 δέ
116 1332 260 1418 μεγέθει,
281 1333 322 1397 τδι
346 1329 382 1397 δέ
405 1331 460 1398 καὶ
483 1331 576 1398 θέσει
598 1330 655 1397 καὶ
677 1332 819 1416 μεγέθει.

123 1478 152 1538 ⁶2.
186 1475 233 1539 Τὸ
258 1473 437 1558 δεδομένον
460 1472 588 1556 λέγεται
610 1485 785 1559 τετραχῶς·
809 1473 830 1556 ἢ
853 1475 916 1560 γὰρ
935 1472 1068 1558 μεγέθει

54 1581 76 1663 ἢ
100 1581 179 1645 είδει
202 1580 222 1663 ἢ
246 1584 333 1668 λόγῳ
357 1579 378 1664 ἢ
401 1579 494 1646 θέσει
518 1580 679 1645 δεδόσθαι
703 1577 838 1662 λέγεται.
874 1577 931 1643 καὶ
953 1583 989 1643 τί
1008 1576 1069 1662 μὲν
1106 1590 1122 1638 5

55 1689 184 1752 τούτων
202 1687 341 1753 ἕκαστον
364 1690 526 1771 σημαίνει,
549 1686 650 1762 αὐτὸς
672 1696 788 1770 σαφῶς
810 1685 969 1750 διδοίσκει.
1000 1709 1069 1750 κοι-

56 1804 125 1869 νῶς
160 1789 197 1858 δὲ
234 1791 360 1875 λέγεται
397 1790 591 1876 δεδομένον,
629 1785 655 1879 ᾧ
687 1792 832 1857 δυνατόν
869 1791 959 1857 ἐστιν
996 1798 1070 1856 ίσον

56 1898 166 1983 εὑρεῖν
188 1920 223 1962 τε
246 1895 301 1962 καὶ
323 1901 536 1984 πορίσασθαι.

124 2040 153 2103 3.
195 2039 263 2122 Τὴν
294 2049 362 2103 τῶν
390 2036 579 2121 δεδομένων
605 2039 833 2123 πραγματείαν
860 2036 896 2102 έν
924 2035 975 2102 ἑνὶ
1001 2037 1070 2102 έπι-

56 2143 145 2233 πέδω
168 2143 329 2229 κειμένων
346 2143 541 2228 ὑποθετέον,
565 2145 675 2230 ὥσπερ
697 2140 753 2208 καὶ
771 2144 811 2207 τδι
829 2154 943 2229 πρῶτα
962 2143 995 2222 ἓξ
1012 2153 1071 2228 τῆς
1090 2154 1124 2202 10

58 2252 291 2335 στοιχειώσεως
314 2253 435 2334 βιβλία.

122 2513 227 2584 σχόλια
246 2512 294 2581 qs,
386 2518 410 2566 1.
433 2511 736 2582 Plvat.c¹Mon.⁶QS.
829 2518 853 2567 2.
872 2510 1070 2580 Vat.v0¹lpS‚

58 2602 122 2638 cum
139 2602 180 2638 nr.
197 2589 211 2637 1
232 2582 412 2637 coniunctum
429 2583 565 2637 PMon.S.
594 2584 627 2636 In
640 2584 694 2638 hoc
713 2583 820 2637 scholio
839 2603 854 2651 ρ
873 2585 939 2652 post
957 2580 1072 2651 μεγέθει

58 2655 137 2710 add:
156 2656 193 2718 ὡς
206 2654 224 2724 ἡ
239 2656 340 2709 εὐθεῖα
347 2647 376 2778 Z
390 2651 460 2709 καθ’
477 2654 616 2709 ὑπόθεσιν
630 2664 727 2725 πηχῶν
741 2654 890 2722 τοσούτων,
908 2656 974 2722 post
988 2652 1071 2707 είδειι

59 2726 127 2781 ὅταν
146 2719 163 2798 ᾖ
182 2725 214 2779 τὸ
234 2733 324 2796 σχῆμα
401 2723 419 2794 ἢ
440 2731 471 2792 Π
493 2723 511 2793 ἢ
531 2731 575 2794 Θ,
602 2727 669 2794 post
685 2725 770 2798 λόγωι
800 2723 868 2779 ὅταν
886 2716 904 2796 ᾖ
924 2722 1072 2778 διπλάσιον

58 2796 75 2866 ἢ
98 2794 275 2864 τριπλάσιον,
302 2798 367 2865 post
390 2793 482 2850 θέσειε
511 2793 579 2850 όταν
603 2795 634 2849 έν
656 2800 694 2867 τῷ
718 2798 791 2850 δεῖνι
813 2793 889 2866 τόπῳ
912 2791 993 2866 λέγῃς
1011 2795 1072 2848 δεῖν

58 2872 209 2922 τεθεῖσθαι
226 2867 258 2921 τὸ
278 2875 391 2936 σημεῖον
414 2865 432 2936 ἢ
450 2866 502 2936 τὴν
522 2867 639 2920 εόθεῖαν
662 2863 680 2934 ἢ
701 2865 731 2920 έν
749 2864 825 2937 τόπῳ
845 2863 938 2926 ἁπλῶς
962 2863 1012 2918 καὶ
1035 2862 1072 2932 μὴ

59 2948 165 3064 vomax?
188 2938 278 3008 αὐτὴν
300 2942 418 3010 θεωρῇς.
510 2941 534 2990 δ.
560 2935 729 3005 ΟῙΜοοσρ,
758 2952 822 2989 cum
844 2952 885 2989 nr.
905 2939 921 2987 2
941 2932 1073 2987 coniunc-

58 3013 120 3063 tum
164 3013 203 3067 at.

131 3263 155 3312 3.
175 3256 210 3312 τά
231 3289 261 3297 -
282 3254 397 3326 μεγέθει
411 3255 498 3327 (alt.)]
524 3271 577 3309 om.
598 3276 621 3324 ρ.
713 3259 737 3308 4.
762 3261 899 3377 τετραγὲῶς
917 3247 1025 3320 λέγεται
1048 3270 1073 3318 ρ.

98 3334 121 3383 ὅ.
141 3329 212 3398 λόγω
243 3325 323 3381 θέσει
340 3326 358 3380 l.
431 3323 523 3398 θέσει]
542 3326 614 3399 λόγῳ
632 3325 650 3380 l.
723 3321 750 3378 τί
787 3322 830 3379 ὅτι
869 3366 874 3377 .
949 3330 972 3377 7.
993 3323 1074 3375 δεδο·

62 3397 161 3470 μένον,
186 3383 207 3471 ςδ
244 3395 385 3466 δεδομένα
408 3396 459 3464 Pl;
492 3419 513 3451 ω
536 3400 605 3452 mut.
625 3396 655 3450 in
679 3416 721 3459 οις
742 3394 779 3463 1;
812 3391 950 3463 δεδομένα
970 3388 1013 3456 οἷς
1031 3391 1074 3448 0¹.

99 3471 184 3541 ἐστιν]
204 3486 257 3523 om.
276 3452 477 3522 Vat.vMon.S.
552 3473 575 3523 8.
595 3468 638 3540 τε]
658 3483 711 3524 om.
730 3464 932 3522 Vat.vM0n.S.
