2400 3840
537 153 643 207 narn.
1033 156 1095 219 147

153 293 219 357 sint
242 295 305 358 duo
329 294 486 381 trianguli
509 300 617 379 ΑΒΓ,
635 302 737 361 ΔΕΖ
764 298 850 362 inter
875 321 909 362 se
936 299 1098 366 rationem

83 399 241 464 habentes
260 401 379 485 datam,
403 406 436 466 et
456 402 568 488 anguli
587 403 627 466 ad
646 408 687 488 A,
700 408 734 466 Δ
750 404 852 487 positi
871 410 927 468 aut
946 408 1097 489 aequales

83 506 232 570 sint‘aut
253 506 453 591 inaequales,
481 509 538 572 sed
561 508 637 572 dati.
684 509 769 592 dieo,
798 532 881 594 esse,
906 516 944 575 ut
966 516 1033 576 AB
1056 514 1097 577 ad

81 616 165 695 ΛΕ,
187 611 234 675 ita
256 617 324 676 ΛΖ
347 614 388 677 ad
411 636 482 678 eam
504 618 637 699 reotam,
662 616 702 679 ad
726 638 823 700 quam
847 620 918 681 ΑΓ
935 617 1096 682 rationem

80 717 202 782 habeat
225 719 342 783 datam.

98 836 103 842 ’
150 824 340 908 expleantur
363 825 450 888 enim
472 825 779 910 parallelogramma
802 831 883 909 AH,
901 831 978 891 ΔΘ.

149 934 182 994 et
201 931 354 1015 quoniam
373 930 458 995 ratio
477 930 643 998 ΔΑΒΓτ
659 931 806 999 ΔΔΕΖ
825 933 901 997 data
919 938 978 1016 est,
997 933 1096 997 etiam

80 1035 166 1100 ratio
190 1036 516 1221 parallelogrammiA
510 1041 584 1101 AH
606 1038 646 1101 ad
668 1039 1009 1124 parallelogrammum
1027 1043 1097 1104 Ao

198 1228 1082 1890 &a

176 2020 279 2107 [I,41,
299 2021 415 2104 def.].2
447 2022 514 2085 iam
533 1970 688 2105 quoniam
707 2022 770 2085 duo
788 2022 1094 2107 parallelogramma

79 2132 164 2213 AH,
176 2023 285 2191 [nlo
276 2131 363 2192 mter
391 2150 425 2191 se
452 2126 613 2192 rationem
640 2127 763 2192 habent
786 2128 841 2192 dat
827 2132 896 2192 tam
924 2130 1015 2193 etin
1038 2153 1093 2194 an-

78 2234 164 2320 gulis
189 2238 265 2298 sunt
289 2239 346 2298 aut
369 2233 558 2318 aequalibus
582 2238 639 2298 aut
661 2233 896 2319 inaequalibus,
922 2236 978 2300 sed
997 2235 1092 2322 datia,

78 2339 150 2424 erit,
172 2344 210 2404 ut
229 2344 294 2404 ΑΒ
319 2341 359 2404 ad
377 2345 454 2424 ΔΕ,
476 2339 523 2404 ita
541 2345 574 2403 Δ
581 2344 608 2403 Ζ
628 2341 668 2404 ad
687 2362 759 2405 eam
775 2345 911 2425 rectam,
934 2342 975 2406 ad
994 2365 1092 2426 quam

77 2452 110 2509 A
117 2449 149 2511 Γ
167 2446 328 2511 rationem
350 2445 451 2510 habet
474 2446 584 2510 datam
609 2445 714 2531 [prop.
733 2445 894 2529 LXXNJ.

509 2622 656 2687 LXXVI.

146 2728 181 2794 Si
198 2731 233 2794 in
251 2731 417 2815 triangulo
437 2729 543 2813 speeie
563 2729 639 2793 dato
659 2752 679 2792 a
697 2730 820 2794 uertice
840 2729 879 2793 ad
898 2729 1004 2794 basim
1019 2752 1090 2814 per-

76 2837 293 2921 pendieularis
321 2836 466 2921 ducitur,
499 2836 597 2900 ducta
619 2839 710 2899 reeta
737 2836 777 2898 ad
799 2834 906 2898 basim
929 2835 1091 2900 rationem

76 2942 177 3006 habet
201 2943 318 3006 datam.

145 3043 189 3112 sit
211 3046 395 3133 triangulus
419 3046 524 3131 speoie
544 3046 638 3109 datus
657 3047 768 3129 ΑΒΓ,
790 3048 824 3108 et
842 3045 979 3108 dueatur
999 3046 1039 3110 ab
1058 3052 1091 3109 A

76 3154 117 3218 ad
140 3157 209 3218 ΒΓ
225 3152 501 3239 perpendioularis
521 3156 594 3216 ΑΛ.
636 3150 718 3235 dieo,
740 3149 902 3213 rationem
926 3155 992 3214 ΑΔ
1006 3174 1014 3214 :
1028 3154 1097 3215 ΒΓ

76 3260 186 3324 datam
210 3282 288 3324 esse.

142 3389 218 3430 nam
251 3366 405 3449 quoniam
439 3363 472 3431 Δ
492 3367 598 3428 ΑΒΓ
625 3363 732 3447 apeoie
764 3363 858 3427 datus
892 3366 956 3448 est,
991 3362 1090 3427 etiam

76 3462 216 3548 [ΑΒΔ
248 3472 342 3536 datus
375 3471 436 3536 erit
473 3469 548 3554 [def.
575 3468 619 3553 3].
678 3490 791 3533 uerum
824 3469 923 3533 etiam
955 3473 1091 3545 [ΒΔΑ

873 3573 926 3626 m*
