<?xml version="1.0" encoding="UTF-8"?>
<!DOCTYPE html PUBLIC "-//W3C//DTD XHTML 1.0 Transitional//EN"
    "http://www.w3.org/TR/xhtml1/DTD/xhtml1-transitional.dtd">
<html xmlns="http://www.w3.org/1999/xhtml" xml:lang="en" lang="en">
 <head>
  <title>
</title>
<meta http-equiv="Content-Type" content="text/html;charset=utf-8" />
  <meta name='ocr-system' content='tesseract 3.04.00' />
  <meta name='ocr-capabilities' content='ocr_page ocr_carea ocr_par ocr_line ocrx_word'/>
</head>
<body>
  <div class='ocr_page' id='page_1' title='image "./euclidisoperaom05unkngoog_0284.png"; bbox 0 0 2400 3840; ppageno 0'>
   <div class='ocr_carea' id='block_1_1' title="bbox 114 133 721 198">
    <p class='ocr_par' dir='ltr' id='par_1_1' title="bbox 114 133 721 198">
     <span class='ocr_line' id='line_1_1' title="bbox 114 133 721 198; baseline 0.003 -15"><span class='ocrx_word' id='word_1_1' title='bbox 114 134 183 198; x_wconf 77' lang='lat'><strong><em>210</em></strong></span> <span class='ocrx_word' id='word_1_2' title='bbox 531 133 721 186; x_wconf 81' lang='lat' dir='ltr'>APPENDIX.</span> 
     </span>
    </p>
   </div>
   <div class='ocr_carea' id='block_1_2' title="bbox 63 274 1144 3015">
    <p class='ocr_par' dir='ltr' id='par_1_2' title="bbox 63 274 1144 3015">
     <span class='ocr_line' id='line_1_2' title="bbox 115 274 1140 363; baseline -0.007 -19"><span class='ocrx_word' id='word_1_3' title='bbox 115 280 180 363; x_wconf 75' lang='grc' dir='ltr'><strong><em>ἄρα</em></strong></span> <span class='ocrx_word' id='word_1_4' title='bbox 208 286 266 362; x_wconf 78' lang='grc' dir='ltr'><strong><em>τῆς</em></strong></span> <span class='ocrx_word' id='word_1_5' title='bbox 287 280 393 343; x_wconf 84' lang='grc' dir='ltr'><strong><em>ΔΑΓ</em></strong></span> <span class='ocrx_word' id='word_1_6' title='bbox 414 274 470 342; x_wconf 79' lang='grc' dir='ltr'><strong><em>καὶ</em></strong></span> <span class='ocrx_word' id='word_1_7' title='bbox 497 284 555 360; x_wconf 78' lang='grc' dir='ltr'><strong><em>τῆς</em></strong></span> <span class='ocrx_word' id='word_1_8' title='bbox 577 280 644 340; x_wconf 89' lang='grc' dir='ltr'><strong><em>ΑΒ</em></strong></span> <span class='ocrx_word' id='word_1_9' title='bbox 672 275 756 361; x_wconf 77' lang='grc' dir='ltr'><strong><em>πρὸς</em></strong></span> <span class='ocrx_word' id='word_1_10' title='bbox 782 276 820 339; x_wconf 91' lang='grc' dir='ltr'><strong><em>τὸ</em></strong></span> <span class='ocrx_word' id='word_1_11' title='bbox 846 274 913 339; x_wconf 78' lang='grc' dir='ltr'><strong><em>ὑπὸ</em></strong></span> <span class='ocrx_word' id='word_1_12' title='bbox 940 284 1008 339; x_wconf 82' lang='grc' dir='ltr'><strong><em>τῶν</em></strong></span> <span class='ocrx_word' id='word_1_13' title='bbox 1038 275 1140 338; x_wconf 89' lang='grc' dir='ltr'><strong><em>ΒΑΓ</em></strong></span> 
     </span>
     <span class='ocr_line' id='line_1_3' title="bbox 114 378 1136 466; baseline -0.004 -18"><span class='ocrx_word' id='word_1_14' title='bbox 114 386 214 465; x_wconf 82' lang='grc' dir='ltr'><strong><em>λόγος</em></strong></span> <span class='ocrx_word' id='word_1_15' title='bbox 237 381 307 447; x_wconf 78' lang='grc' dir='ltr'><strong><em>ἐστὶ</em></strong></span> <span class='ocrx_word' id='word_1_16' title='bbox 330 384 455 466; x_wconf 80' lang='grc' dir='ltr'><strong><em>δοθείς,</em></strong></span> <span class='ocrx_word' id='word_1_17' title='bbox 478 380 617 447; x_wconf 80' lang='grc' dir='ltr'><strong><em>καὶτοῦ</em></strong></span> <span class='ocrx_word' id='word_1_18' title='bbox 641 379 694 458; x_wconf 78' lang='grc' dir='ltr'><strong><em>δὶς</em></strong></span> <span class='ocrx_word' id='word_1_19' title='bbox 715 381 782 446; x_wconf 82' lang='grc' dir='ltr'><strong><em>ὑπὸ</em></strong></span> <span class='ocrx_word' id='word_1_20' title='bbox 801 378 1058 465; x_wconf 79' lang='grc' dir='ltr'><strong><em>συναμφοτέρου</em></strong></span> <span class='ocrx_word' id='word_1_21' title='bbox 1077 388 1136 463; x_wconf 80' lang='grc' dir='ltr'><strong><em>τῆς</em></strong></span> 
     </span>
     <span class='ocr_line' id='line_1_4' title="bbox 115 483 1136 574; baseline -0.005 -20"><span class='ocrx_word' id='word_1_22' title='bbox 115 492 221 555; x_wconf 92' lang='grc' dir='ltr'><strong><em>ΔΑΓ</em></strong></span> <span class='ocrx_word' id='word_1_23' title='bbox 238 486 294 554; x_wconf 81' lang='grc' dir='ltr'><strong><em>καὶ</em></strong></span> <span class='ocrx_word' id='word_1_24' title='bbox 316 497 375 573; x_wconf 79' lang='grc' dir='ltr'><strong><em>τῆς</em></strong></span> <span class='ocrx_word' id='word_1_25' title='bbox 393 493 459 554; x_wconf 92' lang='grc' dir='ltr'><strong><em>ΑΒ</em></strong></span> <span class='ocrx_word' id='word_1_26' title='bbox 482 488 566 574; x_wconf 80' lang='grc' dir='ltr'><strong><em>πρὸς</em></strong></span> <span class='ocrx_word' id='word_1_27' title='bbox 588 489 626 553; x_wconf 89' lang='grc' dir='ltr'><strong><em>τὸ</em></strong></span> <span class='ocrx_word' id='word_1_28' title='bbox 648 487 715 552; x_wconf 78' lang='grc' dir='ltr'><strong><em>ὑπὸ</em></strong></span> <span class='ocrx_word' id='word_1_29' title='bbox 734 498 807 552; x_wconf 81' lang='grc' dir='ltr'><strong><em>τῶν</em></strong></span> <span class='ocrx_word' id='word_1_30' title='bbox 825 489 926 552; x_wconf 88' lang='grc' dir='ltr'><strong><em>ΒΑΓ</em></strong></span> <span class='ocrx_word' id='word_1_31' title='bbox 943 489 1048 572; x_wconf 81' lang='grc' dir='ltr'><strong><em>λόγος1</em></strong></span> <span class='ocrx_word' id='word_1_32' title='bbox 1067 483 1136 550; x_wconf 81' lang='grc' dir='ltr'><strong><em>ἐστὶ</em></strong></span> 
     </span>
     <span class='ocr_line' id='line_1_5' title="bbox 116 591 1137 679; baseline -0.004 -19"><span class='ocrx_word' id='word_1_33' title='bbox 116 597 240 671; x_wconf 80' lang='grc' dir='ltr'><strong><em>δοθείς.</em></strong></span> <span class='ocrx_word' id='word_1_34' title='bbox 272 603 333 659; x_wconf 90' lang='grc' dir='ltr'><strong><em>τοῦ</em></strong></span> <span class='ocrx_word' id='word_1_35' title='bbox 356 591 393 658; x_wconf 75' lang='grc' dir='ltr'><strong><em>δὲ</em></strong></span> <span class='ocrx_word' id='word_1_36' title='bbox 410 594 476 659; x_wconf 78' lang='grc' dir='ltr'><strong><em>ὑπὸ</em></strong></span> <span class='ocrx_word' id='word_1_37' title='bbox 495 604 563 658; x_wconf 81' lang='grc' dir='ltr'><strong><em>τῶν</em></strong></span> <span class='ocrx_word' id='word_1_38' title='bbox 576 597 679 659; x_wconf 88' lang='grc' dir='ltr'><strong><em>ΒΑΓ</em></strong></span> <span class='ocrx_word' id='word_1_39' title='bbox 695 594 780 679; x_wconf 78' lang='grc' dir='ltr'><strong><em>πρὸς</em></strong></span> <span class='ocrx_word' id='word_1_40' title='bbox 797 595 835 658; x_wconf 94' lang='grc' dir='ltr'><strong><em>τὸ</em></strong></span> <span class='ocrx_word' id='word_1_41' title='bbox 849 596 951 658; x_wconf 85' lang='grc' dir='ltr'><strong><em>ΒΑΓ</em></strong></span> <span class='ocrx_word' id='word_1_42' title='bbox 968 594 1137 677; x_wconf 91' lang='grc' dir='ltr'><strong><em>τρίγωνον</em></strong></span> 
     </span>
     <span class='ocr_line' id='line_1_6' title="bbox 80 694 1137 784; baseline 0.001 -22"><span class='ocrx_word' id='word_1_43' title='bbox 80 712 99 762; x_wconf 74' lang='grc' dir='ltr'><strong><em>ε</em></strong></span> <span class='ocrx_word' id='word_1_44' title='bbox 119 705 217 784; x_wconf 83' lang='grc' dir='ltr'><strong><em>λόγος</em></strong></span> <span class='ocrx_word' id='word_1_45' title='bbox 240 698 309 765; x_wconf 78' lang='grc' dir='ltr'><strong><em>ἐστὶ</em></strong></span> <span class='ocrx_word' id='word_1_46' title='bbox 332 702 448 778; x_wconf 79' lang='grc' dir='ltr'><strong><em>δοθείς</em></strong></span> <span class='ocrx_word' id='word_1_47' title='bbox 470 701 527 764; x_wconf 89' lang='grc' dir='ltr'><strong><em>διδι</em></strong></span> <span class='ocrx_word' id='word_1_48' title='bbox 549 702 587 765; x_wconf 85' lang='grc' dir='ltr'><strong><em>τὸ</em></strong></span> <span class='ocrx_word' id='word_1_49' title='bbox 611 701 772 765; x_wconf 83' lang='grc' dir='ltr'><strong><em>δοθεῖσαν</em></strong></span> <span class='ocrx_word' id='word_1_50' title='bbox 795 694 882 764; x_wconf 85' lang='grc' dir='ltr'><strong><em>εἶναι</em></strong></span> <span class='ocrx_word' id='word_1_51' title='bbox 903 701 966 784; x_wconf 74' lang='grc' dir='ltr'><strong><em>τὴν</em></strong></span> <span class='ocrx_word' id='word_1_52' title='bbox 983 699 1050 763; x_wconf 83' lang='grc' dir='ltr'><strong><em>ὑπὸ</em></strong></span> <span class='ocrx_word' id='word_1_53' title='bbox 1067 708 1137 763; x_wconf 83' lang='grc' dir='ltr'><strong><em>τῶν</em></strong></span> 
     </span>
     <span class='ocr_line' id='line_1_7' title="bbox 117 804 1141 892; baseline -0.004 -19"><span class='ocrx_word' id='word_1_54' title='bbox 117 810 218 873; x_wconf 92' lang='grc' dir='ltr'><strong><em>ΒΑΓ</em></strong></span> <span class='ocrx_word' id='word_1_55' title='bbox 231 809 372 889; x_wconf 77' lang='grc' dir='ltr'><em>γωνίαν·</em></span> <span class='ocrx_word' id='word_1_56' title='bbox 395 804 451 871; x_wconf 83' lang='grc' dir='ltr'><strong><em>καὶ</em></strong></span> <span class='ocrx_word' id='word_1_57' title='bbox 468 815 529 872; x_wconf 84' lang='grc' dir='ltr'><strong><em>τοῦ</em></strong></span> <span class='ocrx_word' id='word_1_58' title='bbox 545 805 599 883; x_wconf 78' lang='grc' dir='ltr'><strong><em>δὶς</em></strong></span> <span class='ocrx_word' id='word_1_59' title='bbox 611 806 678 872; x_wconf 85' lang='grc' dir='ltr'><strong><em>ὑπὸ</em></strong></span> <span class='ocrx_word' id='word_1_60' title='bbox 692 804 948 892; x_wconf 81' lang='grc' dir='ltr'><strong><em>συναμφοτέρου</em></strong></span> <span class='ocrx_word' id='word_1_61' title='bbox 963 815 1021 890; x_wconf 81' lang='grc' dir='ltr'><strong><em>τῆς</em></strong></span> <span class='ocrx_word' id='word_1_62' title='bbox 1034 807 1141 871; x_wconf 85' lang='grc' dir='ltr'><strong><em>ΔΑΓ</em></strong></span> 
     </span>
     <span class='ocr_line' id='line_1_8' title="bbox 116 909 1137 999; baseline -0.002 -21"><span class='ocrx_word' id='word_1_63' title='bbox 116 912 172 979; x_wconf 81' lang='grc' dir='ltr'><strong><em>καὶ</em></strong></span> <span class='ocrx_word' id='word_1_64' title='bbox 195 922 253 997; x_wconf 80' lang='grc' dir='ltr'><strong><em>τῆς</em></strong></span> <span class='ocrx_word' id='word_1_65' title='bbox 275 917 342 977; x_wconf 90' lang='grc' dir='ltr'><strong><em>ΑΒ</em></strong></span> <span class='ocrx_word' id='word_1_66' title='bbox 370 914 434 999; x_wconf 73' lang='grc' dir='ltr'><strong><em>ἄρα</em></strong></span> <span class='ocrx_word' id='word_1_67' title='bbox 461 913 545 998; x_wconf 78' lang='grc' dir='ltr'><strong><em>πρὸς</em></strong></span> <span class='ocrx_word' id='word_1_68' title='bbox 567 913 604 978; x_wconf 88' lang='grc' dir='ltr'><strong><em>τὸ</em></strong></span> <span class='ocrx_word' id='word_1_69' title='bbox 628 916 734 977; x_wconf 92' lang='grc' dir='ltr'><strong><em>ΑΒΓ</em></strong></span> <span class='ocrx_word' id='word_1_70' title='bbox 756 914 921 997; x_wconf 91' lang='grc' dir='ltr'><strong><em>τρίγωνον</em></strong></span> <span class='ocrx_word' id='word_1_71' title='bbox 945 915 1044 995; x_wconf 78' lang='grc' dir='ltr'><strong><em>λόγος</em></strong></span> <span class='ocrx_word' id='word_1_72' title='bbox 1067 909 1137 977; x_wconf 82' lang='grc' dir='ltr'><strong><em>ἐστὶ</em></strong></span> 
     </span>
     <span class='ocr_line' id='line_1_9' title="bbox 117 1021 242 1096; baseline 0 -13"><span class='ocrx_word' id='word_1_73' title='bbox 117 1021 242 1096; x_wconf 81' lang='grc' dir='ltr'><strong><em>δοθείς.</em></strong></span> 
     </span>
     <span class='ocr_line' id='line_1_10' title="bbox 184 1122 1138 1209; baseline 0.002 -21"><span class='ocrx_word' id='word_1_74' title='bbox 184 1124 268 1189; x_wconf 81' lang='grc' dir='ltr'><strong><em>ἀλλὰ</em></strong></span> <span class='ocrx_word' id='word_1_75' title='bbox 286 1126 328 1208; x_wconf 80' lang='grc' dir='ltr'><strong><em>δη</em></strong></span> <span class='ocrx_word' id='word_1_76' title='bbox 348 1127 430 1189; x_wconf 83' lang='grc' dir='ltr'><em>ἔστω</em></span> <span class='ocrx_word' id='word_1_77' title='bbox 450 1124 589 1208; x_wconf 79' lang='grc' dir='ltr'><em>ἀμβλεῖα</em></span> <span class='ocrx_word' id='word_1_78' title='bbox 603 1124 623 1208; x_wconf 77' lang='grc' dir='ltr'><em>ἡ</em></span> <span class='ocrx_word' id='word_1_79' title='bbox 636 1124 703 1189; x_wconf 82' lang='grc' dir='ltr'><strong><em>ὑπὸ</em></strong></span> <span class='ocrx_word' id='word_1_80' title='bbox 718 1127 824 1208; x_wconf 91' lang='grc' dir='ltr'><em>ΒΑΓ,</em></span> <span class='ocrx_word' id='word_1_81' title='bbox 843 1122 899 1189; x_wconf 81' lang='grc' dir='ltr'><strong><em>καὶ</em></strong></span> <span class='ocrx_word' id='word_1_82' title='bbox 917 1123 1138 1209; x_wconf 62' lang='grc' dir='ltr'><strong><em>ἐπιβληθείσης</em></strong></span> 
     </span>
     <span class='ocr_line' id='line_1_11' title="bbox 63 1227 1137 1314; baseline 0.004 -22"><span class='ocrx_word' id='word_1_83' title='bbox 63 1243 98 1292; x_wconf 84' lang='grc' dir='ltr'><strong><em>1ο</em></strong></span> <span class='ocrx_word' id='word_1_84' title='bbox 117 1239 175 1313; x_wconf 77' lang='grc' dir='ltr'><strong><em>τῆς</em></strong></span> <span class='ocrx_word' id='word_1_85' title='bbox 198 1234 261 1293; x_wconf 94' lang='grc' dir='ltr'><strong><em>ΒΑ</em></strong></span> <span class='ocrx_word' id='word_1_86' title='bbox 287 1231 383 1313; x_wconf 76' lang='grc' dir='ltr'><strong><em>ἤχθω</em></strong></span> <span class='ocrx_word' id='word_1_87' title='bbox 412 1227 464 1293; x_wconf 79' lang='grc' dir='ltr'><strong><em>ἐπ’</em></strong></span> <span class='ocrx_word' id='word_1_88' title='bbox 489 1229 595 1313; x_wconf 77' lang='grc' dir='ltr'><strong><em>αὐτὴν</em></strong></span> <span class='ocrx_word' id='word_1_89' title='bbox 617 1229 760 1307; x_wconf 80' lang='grc' dir='ltr'><strong><em>κάθετος</em></strong></span> <span class='ocrx_word' id='word_1_90' title='bbox 781 1231 802 1314; x_wconf 78' lang='grc' dir='ltr'><em>ἡ</em></span> <span class='ocrx_word' id='word_1_91' title='bbox 827 1233 903 1314; x_wconf 86' lang='grc' dir='ltr'><em>ΓΕ,</em></span> <span class='ocrx_word' id='word_1_92' title='bbox 931 1228 987 1295; x_wconf 81' lang='grc' dir='ltr'><strong><em>καὶ</em></strong></span> <span class='ocrx_word' id='word_1_93' title='bbox 1008 1234 1137 1296; x_wconf 80' lang='grc' dir='ltr'><strong><em>κείσθω</em></strong></span> 
     </span>
     <span class='ocr_line' id='line_1_12' title="bbox 116 1332 1138 1422; baseline 0.002 -22"><span class='ocrx_word' id='word_1_94' title='bbox 116 1345 157 1421; x_wconf 77' lang='grc' dir='ltr'><strong><em>τῇ</em></strong></span> <span class='ocrx_word' id='word_1_95' title='bbox 184 1340 254 1399; x_wconf 87' lang='grc' dir='ltr'><strong><em>ΑΕ</em></strong></span> <span class='ocrx_word' id='word_1_96' title='bbox 282 1340 337 1418; x_wconf 75' lang='grc' dir='ltr'><strong><em>ἴση</em></strong></span> <span class='ocrx_word' id='word_1_97' title='bbox 365 1335 386 1419; x_wconf 75' lang='grc' dir='ltr'><em>ἡ</em></span> <span class='ocrx_word' id='word_1_98' title='bbox 413 1339 489 1400; x_wconf 91' lang='grc' dir='ltr'><strong><em>ΑΖ.</em></strong></span> <span class='ocrx_word' id='word_1_99' title='bbox 544 1334 613 1400; x_wconf 81' lang='grc' dir='ltr'><strong><em>ἐπεὶ</em></strong></span> <span class='ocrx_word' id='word_1_100' title='bbox 641 1332 703 1402; x_wconf 84' lang='grc' dir='ltr'><strong><em>οὖν</em></strong></span> <span class='ocrx_word' id='word_1_101' title='bbox 731 1337 870 1422; x_wconf 77' lang='grc' dir='ltr'><strong><em>ἀμβλεῖα</em></strong></span> <span class='ocrx_word' id='word_1_102' title='bbox 898 1337 989 1402; x_wconf 83' lang='grc' dir='ltr'><strong><em>ἐστιν</em></strong></span> <span class='ocrx_word' id='word_1_103' title='bbox 1021 1338 1043 1421; x_wconf 76' lang='grc' dir='ltr'><em>ἡ</em></span> <span class='ocrx_word' id='word_1_104' title='bbox 1070 1338 1138 1403; x_wconf 86' lang='grc' dir='ltr'><strong><em>ὑπὸ</em></strong></span> 
     </span>
     <span class='ocr_line' id='line_1_13' title="bbox 116 1437 1138 1530; baseline 0.003 -25"><span class='ocrx_word' id='word_1_105' title='bbox 116 1444 228 1506; x_wconf 91' lang='grc' dir='ltr'><strong><em>ΒΑΓ</em></strong></span> <span class='ocrx_word' id='word_1_106' title='bbox 259 1443 379 1524; x_wconf 80' lang='grc' dir='ltr'><em>γωνία,</em></span> <span class='ocrx_word' id='word_1_107' title='bbox 419 1439 476 1506; x_wconf 87' lang='grc' dir='ltr'><strong><em>καὶ</em></strong></span> <span class='ocrx_word' id='word_1_108' title='bbox 513 1441 656 1519; x_wconf 77' lang='grc' dir='ltr'><strong><em>κάθετος</em></strong></span> <span class='ocrx_word' id='word_1_109' title='bbox 680 1437 786 1525; x_wconf 72' lang='grc' dir='ltr'><strong><em>-ίμιται</em></strong></span> <span class='ocrx_word' id='word_1_110' title='bbox 822 1442 843 1525; x_wconf 77' lang='grc' dir='ltr'><em>ἡ</em></span> <span class='ocrx_word' id='word_1_111' title='bbox 877 1446 958 1528; x_wconf 85' lang='grc' dir='ltr'><strong><em>ΓΒ,</em></strong></span> <span class='ocrx_word' id='word_1_112' title='bbox 998 1444 1040 1507; x_wconf 81' lang='grc' dir='ltr'><strong><em>τὰ</em></strong></span> <span class='ocrx_word' id='word_1_113' title='bbox 1073 1445 1138 1530; x_wconf 77' lang='grc' dir='ltr'><strong><em>ἄρα</em></strong></span> 
     </span>
     <span class='ocr_line' id='line_1_14' title="bbox 117 1546 1140 1635; baseline 0.003 -23"><span class='ocrx_word' id='word_1_114' title='bbox 117 1546 181 1612; x_wconf 81' lang='grc' dir='ltr'><strong><em>ἀπὸ</em></strong></span> <span class='ocrx_word' id='word_1_115' title='bbox 214 1557 283 1613; x_wconf 81' lang='grc' dir='ltr'><strong><em>τῶν</em></strong></span> <span class='ocrx_word' id='word_1_116' title='bbox 315 1552 396 1632; x_wconf 92' lang='grc' dir='ltr'><strong><em>ΒΑ,</em></strong></span> <span class='ocrx_word' id='word_1_117' title='bbox 424 1550 499 1613; x_wconf 94' lang='grc' dir='ltr'><strong><em>ΑΓ</em></strong></span> <span class='ocrx_word' id='word_1_118' title='bbox 530 1548 611 1632; x_wconf 89' lang='grc' dir='ltr'><strong><em>μετδι</em></strong></span> <span class='ocrx_word' id='word_1_119' title='bbox 642 1557 702 1614; x_wconf 84' lang='grc' dir='ltr'><strong><em>τοῦ</em></strong></span> <span class='ocrx_word' id='word_1_120' title='bbox 735 1548 788 1626; x_wconf 77' lang='grc' dir='ltr'><strong><em>δὶς</em></strong></span> <span class='ocrx_word' id='word_1_121' title='bbox 818 1549 883 1614; x_wconf 81' lang='grc' dir='ltr'><strong><em>ὑπὸ</em></strong></span> <span class='ocrx_word' id='word_1_122' title='bbox 915 1560 983 1614; x_wconf 82' lang='grc' dir='ltr'><strong><em>τῶν</em></strong></span> <span class='ocrx_word' id='word_1_123' title='bbox 1015 1555 1140 1635; x_wconf 89' lang='grc' dir='ltr'><em>ΒΑΕ,</em></span> 
     </span>
     <span class='ocr_line' id='line_1_15' title="bbox 117 1651 1138 1744; baseline 0.002 -25"><span class='ocrx_word' id='word_1_124' title='bbox 117 1651 267 1719; x_wconf 83' lang='grc' dir='ltr'><strong><em>τουτέστι</em></strong></span> <span class='ocrx_word' id='word_1_125' title='bbox 309 1662 370 1719; x_wconf 82' lang='grc' dir='ltr'><strong><em>τοῦ</em></strong></span> <span class='ocrx_word' id='word_1_126' title='bbox 414 1652 467 1731; x_wconf 80' lang='grc' dir='ltr'><strong><em>δὶς</em></strong></span> <span class='ocrx_word' id='word_1_127' title='bbox 507 1654 573 1719; x_wconf 82' lang='grc' dir='ltr'><strong><em>ὑπὸ</em></strong></span> <span class='ocrx_word' id='word_1_128' title='bbox 609 1665 678 1720; x_wconf 85' lang='grc' dir='ltr'><strong><em>τῶν</em></strong></span> <span class='ocrx_word' id='word_1_129' title='bbox 714 1658 838 1739; x_wconf 89' lang='grc' dir='ltr'><em>ΒΑΖ,</em></span> <span class='ocrx_word' id='word_1_130' title='bbox 887 1661 942 1721; x_wconf 79' lang='grc' dir='ltr'><strong><em>ίσα</em></strong></span> <span class='ocrx_word' id='word_1_131' title='bbox 982 1654 1052 1721; x_wconf 79' lang='grc' dir='ltr'><strong><em>ἐστὶ</em></strong></span> <span class='ocrx_word' id='word_1_132' title='bbox 1090 1667 1138 1744; x_wconf 80' lang='grc' dir='ltr'><strong><em>τῷ</em></strong></span> 
     </span>
     <span class='ocr_line' id='line_1_16' title="bbox 64 1759 1139 1846; baseline 0.003 -22"><span class='ocrx_word' id='word_1_133' title='bbox 64 1772 98 1822; x_wconf 82' lang='lat'><strong><em>15</em></strong></span> <span class='ocrx_word' id='word_1_134' title='bbox 117 1759 182 1825; x_wconf 80' lang='grc' dir='ltr'><strong><em>ἀπὸ</em></strong></span> <span class='ocrx_word' id='word_1_135' title='bbox 214 1769 272 1844; x_wconf 81' lang='grc' dir='ltr'><strong><em>τῆς</em></strong></span> <span class='ocrx_word' id='word_1_136' title='bbox 304 1763 381 1825; x_wconf 93' lang='grc' dir='ltr'><strong><em>ΒΓ.</em></strong></span> <span class='ocrx_word' id='word_1_137' title='bbox 430 1762 546 1826; x_wconf 87' lang='grc' dir='ltr'><strong><em>κοινὸν</em></strong></span> <span class='ocrx_word' id='word_1_138' title='bbox 577 1762 789 1846; x_wconf 81' lang='grc' dir='ltr'><strong><em>προσκείσθω</em></strong></span> <span class='ocrx_word' id='word_1_139' title='bbox 820 1763 858 1827; x_wconf 89' lang='grc' dir='ltr'><strong><em>τὸ</em></strong></span> <span class='ocrx_word' id='word_1_140' title='bbox 889 1759 942 1839; x_wconf 74' lang='grc' dir='ltr'><strong><em>δὶς</em></strong></span> <span class='ocrx_word' id='word_1_141' title='bbox 972 1761 1038 1828; x_wconf 85' lang='grc' dir='ltr'><strong><em>ὑπὸ</em></strong></span> <span class='ocrx_word' id='word_1_142' title='bbox 1069 1773 1139 1827; x_wconf 83' lang='grc' dir='ltr'><strong><em>τῶν</em></strong></span> 
     </span>
     <span class='ocr_line' id='line_1_17' title="bbox 118 1866 1138 1952; baseline 0.004 -22"><span class='ocrx_word' id='word_1_143' title='bbox 118 1869 232 1931; x_wconf 92' lang='grc' dir='ltr'><em>ΒΑΓ·</em></span> <span class='ocrx_word' id='word_1_144' title='bbox 273 1867 314 1930; x_wconf 86' lang='grc' dir='ltr'><strong><em>τδι</em></strong></span> <span class='ocrx_word' id='word_1_145' title='bbox 349 1868 414 1952; x_wconf 75' lang='grc' dir='ltr'><strong><em>ἄρα</em></strong></span> <span class='ocrx_word' id='word_1_146' title='bbox 451 1866 515 1932; x_wconf 78' lang='grc' dir='ltr'><strong><em>ἀπὸ</em></strong></span> <span class='ocrx_word' id='word_1_147' title='bbox 546 1877 615 1932; x_wconf 80' lang='grc' dir='ltr'><strong><em>τῶν</em></strong></span> <span class='ocrx_word' id='word_1_148' title='bbox 646 1870 754 1932; x_wconf 85' lang='grc' dir='ltr'><strong><em>ΒΑΓ</em></strong></span> <span class='ocrx_word' id='word_1_149' title='bbox 781 1868 862 1952; x_wconf 85' lang='grc' dir='ltr'><strong><em>μετδι</em></strong></span> <span class='ocrx_word' id='word_1_150' title='bbox 893 1876 954 1933; x_wconf 86' lang='grc' dir='ltr'><strong><em>τοῦ</em></strong></span> <span class='ocrx_word' id='word_1_151' title='bbox 987 1866 1040 1945; x_wconf 77' lang='grc' dir='ltr'><strong><em>δὶς</em></strong></span> <span class='ocrx_word' id='word_1_152' title='bbox 1071 1869 1138 1934; x_wconf 83' lang='grc' dir='ltr'><strong><em>ὑπὸ</em></strong></span> 
     </span>
     <span class='ocr_line' id='line_1_18' title="bbox 117 1970 1144 2059; baseline 0.002 -22"><span class='ocrx_word' id='word_1_153' title='bbox 117 1982 185 2037; x_wconf 84' lang='grc' dir='ltr'><strong><em>τῶν</em></strong></span> <span class='ocrx_word' id='word_1_154' title='bbox 208 1975 319 2056; x_wconf 87' lang='grc' dir='ltr'><em>ΒΑΓ,</em></span> <span class='ocrx_word' id='word_1_155' title='bbox 351 1970 501 2038; x_wconf 81' lang='grc' dir='ltr'><strong><em>τουτέστι</em></strong></span> <span class='ocrx_word' id='word_1_156' title='bbox 522 1974 560 2037; x_wconf 85' lang='grc' dir='ltr'><strong><em>τὸ</em></strong></span> <span class='ocrx_word' id='word_1_157' title='bbox 584 1971 648 2038; x_wconf 74' lang='grc' dir='ltr'><strong><em>ἀπὸ</em></strong></span> <span class='ocrx_word' id='word_1_158' title='bbox 675 1972 931 2059; x_wconf 83' lang='grc' dir='ltr'><strong><em>συναμφοτέρου</em></strong></span> <span class='ocrx_word' id='word_1_159' title='bbox 958 1982 1017 2057; x_wconf 75' lang='grc' dir='ltr'><strong><em>τῆς</em></strong></span> <span class='ocrx_word' id='word_1_160' title='bbox 1040 1978 1144 2039; x_wconf 91' lang='grc' dir='ltr'><em>ΒΑΓ</em></span> 
     </span>
     <span class='ocr_line' id='line_1_19' title="bbox 117 2076 1138 2168; baseline 0.003 -25"><span class='ocrx_word' id='word_1_161' title='bbox 117 2080 197 2164; x_wconf 88' lang='grc' dir='ltr'><strong><em>μετδι</em></strong></span> <span class='ocrx_word' id='word_1_162' title='bbox 237 2087 297 2143; x_wconf 83' lang='grc' dir='ltr'><strong><em>τοῦ</em></strong></span> <span class='ocrx_word' id='word_1_163' title='bbox 338 2076 392 2154; x_wconf 80' lang='grc' dir='ltr'><strong><em>δὶς</em></strong></span> <span class='ocrx_word' id='word_1_164' title='bbox 431 2078 496 2143; x_wconf 80' lang='grc' dir='ltr'><strong><em>ὑπὸ</em></strong></span> <span class='ocrx_word' id='word_1_165' title='bbox 536 2089 604 2143; x_wconf 83' lang='grc' dir='ltr'><strong><em>τῶν</em></strong></span> <span class='ocrx_word' id='word_1_166' title='bbox 640 2083 746 2143; x_wconf 90' lang='grc' dir='ltr'><strong><em>ΒΑΖ</em></strong></span> <span class='ocrx_word' id='word_1_167' title='bbox 790 2085 846 2144; x_wconf 81' lang='grc' dir='ltr'><strong><em>λσα</em></strong></span> <span class='ocrx_word' id='word_1_168' title='bbox 882 2077 952 2144; x_wconf 78' lang='grc' dir='ltr'><strong><em>ἐστὶ</em></strong></span> <span class='ocrx_word' id='word_1_169' title='bbox 988 2089 1034 2168; x_wconf 78' lang='grc' dir='ltr'><strong><em>τῷ</em></strong></span> <span class='ocrx_word' id='word_1_170' title='bbox 1072 2080 1138 2146; x_wconf 80' lang='grc' dir='ltr'><strong><em>ἀπὸ</em></strong></span> 
     </span>
     <span class='ocr_line' id='line_1_20' title="bbox 118 2183 1139 2270; baseline 0.003 -21"><span class='ocrx_word' id='word_1_171' title='bbox 118 2193 176 2269; x_wconf 80' lang='grc' dir='ltr'><strong><em>τῆς</em></strong></span> <span class='ocrx_word' id='word_1_172' title='bbox 212 2188 285 2249; x_wconf 93' lang='grc' dir='ltr'><strong><em>ΒΓ</em></strong></span> <span class='ocrx_word' id='word_1_173' title='bbox 320 2186 401 2270; x_wconf 82' lang='grc' dir='ltr'><strong><em>μετὰ</em></strong></span> <span class='ocrx_word' id='word_1_174' title='bbox 442 2193 502 2250; x_wconf 90' lang='grc' dir='ltr'><strong><em>τοῦ</em></strong></span> <span class='ocrx_word' id='word_1_175' title='bbox 544 2183 597 2260; x_wconf 78' lang='grc' dir='ltr'><strong><em>δὶς</em></strong></span> <span class='ocrx_word' id='word_1_176' title='bbox 632 2184 698 2249; x_wconf 76' lang='grc' dir='ltr'><strong><em>ὑπὸ</em></strong></span> <span class='ocrx_word' id='word_1_177' title='bbox 735 2196 803 2250; x_wconf 84' lang='grc' dir='ltr'><strong><em>τῶν</em></strong></span> <span class='ocrx_word' id='word_1_178' title='bbox 839 2189 953 2251; x_wconf 94' lang='grc' dir='ltr'><em>ΒΑΓ.</em></span> <span class='ocrx_word' id='word_1_179' title='bbox 1020 2188 1139 2253; x_wconf 88' lang='grc' dir='ltr'><strong><em>κοινὸν</em></strong></span> 
     </span>
     <span class='ocr_line' id='line_1_21' title="bbox 64 2288 1139 2383; baseline 0.006 -31"><span class='ocrx_word' id='word_1_180' title='bbox 64 2303 100 2352; x_wconf 80' lang='lat'><strong><em>20</em></strong></span> <span class='ocrx_word' id='word_1_181' title='bbox 118 2290 306 2383; x_wconf 75' lang='grc' dir='ltr'><strong><em>ἀφῃρήσθω</em></strong></span> <span class='ocrx_word' id='word_1_182' title='bbox 335 2292 372 2355; x_wconf 89' lang='grc' dir='ltr'><strong><em>τὸ</em></strong></span> <span class='ocrx_word' id='word_1_183' title='bbox 401 2288 454 2367; x_wconf 79' lang='grc' dir='ltr'><strong><em>δὶς</em></strong></span> <span class='ocrx_word' id='word_1_184' title='bbox 478 2290 545 2355; x_wconf 82' lang='grc' dir='ltr'><strong><em>ὑπὸ</em></strong></span> <span class='ocrx_word' id='word_1_185' title='bbox 572 2299 641 2355; x_wconf 80' lang='grc' dir='ltr'><strong><em>τῶν</em></strong></span> <span class='ocrx_word' id='word_1_186' title='bbox 664 2296 727 2356; x_wconf 92' lang='grc' dir='ltr'><strong><em>ΒΑ</em></strong></span> <span class='ocrx_word' id='word_1_187' title='bbox 733 2296 774 2355; x_wconf 90' lang='grc' dir='ltr'><strong><em>Ζ·</em></strong></span> <span class='ocrx_word' id='word_1_188' title='bbox 807 2293 844 2357; x_wconf 87' lang='grc' dir='ltr'><strong><em>τὸ</em></strong></span> <span class='ocrx_word' id='word_1_189' title='bbox 873 2293 938 2377; x_wconf 77' lang='grc' dir='ltr'><strong><em>ἄρα</em></strong></span> <span class='ocrx_word' id='word_1_190' title='bbox 965 2292 1029 2357; x_wconf 82' lang='grc' dir='ltr'><strong><em>ἀπὸ</em></strong></span> <span class='ocrx_word' id='word_1_191' title='bbox 1058 2310 1139 2358; x_wconf 89' lang='grc' dir='ltr'><strong><em>συν-</em></strong></span> 
     </span>
     <span class='ocr_line' id='line_1_22' title="bbox 120 2395 1139 2486; baseline 0.004 -25"><span class='ocrx_word' id='word_1_192' title='bbox 120 2395 311 2481; x_wconf 86' lang='grc' dir='ltr'><strong><em>αμφοτέρου</em></strong></span> <span class='ocrx_word' id='word_1_193' title='bbox 339 2405 397 2480; x_wconf 77' lang='grc' dir='ltr'><strong><em>τῆς</em></strong></span> <span class='ocrx_word' id='word_1_194' title='bbox 420 2400 522 2461; x_wconf 93' lang='grc' dir='ltr'><em>ΒΑΓ</em></span> <span class='ocrx_word' id='word_1_195' title='bbox 549 2401 623 2460; x_wconf 72' lang='grc' dir='ltr'><strong><em>ἴσον</em></strong></span> <span class='ocrx_word' id='word_1_196' title='bbox 651 2395 720 2461; x_wconf 82' lang='grc' dir='ltr'><strong><em>ἐστὶ</em></strong></span> <span class='ocrx_word' id='word_1_197' title='bbox 746 2407 792 2486; x_wconf 75' lang='grc' dir='ltr'><strong><em>τῷ</em></strong></span> <span class='ocrx_word' id='word_1_198' title='bbox 821 2397 885 2463; x_wconf 81' lang='grc' dir='ltr'><strong><em>ἀπὸ</em></strong></span> <span class='ocrx_word' id='word_1_199' title='bbox 910 2406 969 2482; x_wconf 77' lang='grc' dir='ltr'><strong><em>τῆς</em></strong></span> <span class='ocrx_word' id='word_1_200' title='bbox 992 2402 1062 2464; x_wconf 94' lang='grc' dir='ltr'><strong><em>ΒΓ</em></strong></span> <span class='ocrx_word' id='word_1_201' title='bbox 1083 2398 1139 2465; x_wconf 79' lang='grc' dir='ltr'><strong><em>καὶ</em></strong></span> 
     </span>
     <span class='ocr_line' id='line_1_23' title="bbox 118 2498 1140 2591; baseline 0.004 -25"><span class='ocrx_word' id='word_1_202' title='bbox 118 2511 164 2589; x_wconf 76' lang='grc' dir='ltr'><strong><em>τῷ</em></strong></span> <span class='ocrx_word' id='word_1_203' title='bbox 193 2498 245 2577; x_wconf 80' lang='grc' dir='ltr'><strong><em>δὶς</em></strong></span> <span class='ocrx_word' id='word_1_204' title='bbox 275 2501 342 2566; x_wconf 78' lang='grc' dir='ltr'><strong><em>ὑπὸ</em></strong></span> <span class='ocrx_word' id='word_1_205' title='bbox 374 2513 441 2566; x_wconf 88' lang='grc' dir='ltr'><strong><em>τῶν</em></strong></span> <span class='ocrx_word' id='word_1_206' title='bbox 469 2505 551 2586; x_wconf 91' lang='grc' dir='ltr'><strong><em>ΒΑ,</em></strong></span> <span class='ocrx_word' id='word_1_207' title='bbox 575 2505 649 2566; x_wconf 90' lang='grc' dir='ltr'><strong><em>ΓΖ·</em></strong></span> <span class='ocrx_word' id='word_1_208' title='bbox 682 2504 766 2568; x_wconf 80' lang='grc' dir='ltr'><strong><em>ὥστε</em></strong></span> <span class='ocrx_word' id='word_1_209' title='bbox 797 2505 835 2569; x_wconf 90' lang='grc' dir='ltr'><strong><em>τὸ</em></strong></span> <span class='ocrx_word' id='word_1_210' title='bbox 867 2503 932 2569; x_wconf 83' lang='grc' dir='ltr'><strong><em>ἀπὸ</em></strong></span> <span class='ocrx_word' id='word_1_211' title='bbox 964 2521 1140 2591; x_wconf 89' lang='grc' dir='ltr'><strong><em>συναμφο-</em></strong></span> 
     </span>
     <span class='ocr_line' id='line_1_24' title="bbox 118 2605 1141 2700; baseline 0.005 -28"><span class='ocrx_word' id='word_1_212' title='bbox 118 2605 217 2692; x_wconf 88' lang='grc' dir='ltr'><strong><em>τέρου</em></strong></span> <span class='ocrx_word' id='word_1_213' title='bbox 246 2615 304 2690; x_wconf 78' lang='grc' dir='ltr'><strong><em>τῆς</em></strong></span> <span class='ocrx_word' id='word_1_214' title='bbox 332 2611 435 2672; x_wconf 91' lang='grc' dir='ltr'><em>ΒΑΓ</em></span> <span class='ocrx_word' id='word_1_215' title='bbox 459 2616 519 2672; x_wconf 84' lang='grc' dir='ltr'><strong><em>τοῦ</em></strong></span> <span class='ocrx_word' id='word_1_216' title='bbox 547 2607 611 2673; x_wconf 84' lang='grc' dir='ltr'><strong><em>ἀπὸ</em></strong></span> <span class='ocrx_word' id='word_1_217' title='bbox 643 2617 702 2692; x_wconf 77' lang='grc' dir='ltr'><strong><em>τῆς</em></strong></span> <span class='ocrx_word' id='word_1_218' title='bbox 729 2613 797 2674; x_wconf 94' lang='grc' dir='ltr'><strong><em>ΒΓ</em></strong></span> <span class='ocrx_word' id='word_1_219' title='bbox 822 2609 974 2697; x_wconf 83' lang='grc' dir='ltr'><strong><em>ὑπερέχει</em></strong></span> <span class='ocrx_word' id='word_1_220' title='bbox 1005 2622 1052 2700; x_wconf 79' lang='grc' dir='ltr'><strong><em>τῷ</em></strong></span> <span class='ocrx_word' id='word_1_221' title='bbox 1086 2609 1141 2688; x_wconf 80' lang='grc' dir='ltr'><strong><em>δὶς</em></strong></span> 
     </span>
     <span class='ocr_line' id='line_1_25' title="bbox 118 2713 1139 2800; baseline 0.005 -22"><span class='ocrx_word' id='word_1_222' title='bbox 118 2713 184 2778; x_wconf 81' lang='grc' dir='ltr'><strong><em>ὑπὸ</em></strong></span> <span class='ocrx_word' id='word_1_223' title='bbox 216 2722 284 2777; x_wconf 84' lang='grc' dir='ltr'><strong><em>τῶν</em></strong></span> <span class='ocrx_word' id='word_1_224' title='bbox 312 2715 390 2798; x_wconf 90' lang='grc' dir='ltr'><strong><em>ΒΑ,</em></strong></span> <span class='ocrx_word' id='word_1_225' title='bbox 414 2717 484 2778; x_wconf 92' lang='grc' dir='ltr'><strong><em>ΓΖ.</em></strong></span> <span class='ocrx_word' id='word_1_226' title='bbox 534 2713 591 2779; x_wconf 82' lang='grc' dir='ltr'><strong><em>καὶ</em></strong></span> <span class='ocrx_word' id='word_1_227' title='bbox 624 2713 693 2780; x_wconf 79' lang='grc' dir='ltr'><strong><em>ἐπεὶ</em></strong></span> <span class='ocrx_word' id='word_1_228' title='bbox 725 2716 865 2781; x_wconf 77' lang='grc' dir='ltr'><strong><em>δοθεῖσα</em></strong></span> <span class='ocrx_word' id='word_1_229' title='bbox 897 2716 987 2782; x_wconf 83' lang='grc' dir='ltr'><strong><em>ἐστιν</em></strong></span> <span class='ocrx_word' id='word_1_230' title='bbox 1019 2713 1040 2800; x_wconf 76' lang='grc' dir='ltr'><em>ἡ</em></span> <span class='ocrx_word' id='word_1_231' title='bbox 1073 2718 1139 2783; x_wconf 82' lang='grc' dir='ltr'><strong><em>ὑπὸ</em></strong></span> 
     </span>
     <span class='ocr_line' id='line_1_26' title="bbox 67 2818 1138 2907; baseline 0.005 -24"><span class='ocrx_word' id='word_1_232' title='bbox 67 2831 101 2883; x_wconf 81' lang='lat'><strong><em>25</em></strong></span> <span class='ocrx_word' id='word_1_233' title='bbox 121 2823 223 2885; x_wconf 92' lang='grc' dir='ltr'><em>ΒΑΓ</em></span> <span class='ocrx_word' id='word_1_234' title='bbox 248 2823 368 2905; x_wconf 90' lang='grc' dir='ltr'><strong><em>γωνία,</em></strong></span> <span class='ocrx_word' id='word_1_235' title='bbox 399 2818 456 2885; x_wconf 81' lang='grc' dir='ltr'><strong><em>καὶ</em></strong></span> <span class='ocrx_word' id='word_1_236' title='bbox 486 2819 507 2903; x_wconf 74' lang='grc' dir='ltr'><em>ἡ</em></span> <span class='ocrx_word' id='word_1_237' title='bbox 539 2820 605 2886; x_wconf 80' lang='grc' dir='ltr'><strong><em>ὑπὸ</em></strong></span> <span class='ocrx_word' id='word_1_238' title='bbox 633 2826 741 2887; x_wconf 86' lang='grc' dir='ltr'><strong><em>ΕΑΓ</em></strong></span> <span class='ocrx_word' id='word_1_239' title='bbox 766 2824 831 2907; x_wconf 80' lang='grc' dir='ltr'><strong><em>ίίρα</em></strong></span> <span class='ocrx_word' id='word_1_240' title='bbox 864 2822 1004 2888; x_wconf 76' lang='grc' dir='ltr'><strong><em>δοθεῖσα</em></strong></span> <span class='ocrx_word' id='word_1_241' title='bbox 1037 2822 1138 2889; x_wconf 78' lang='grc' dir='ltr'><strong><em>ἐστιν.</em></strong></span> 
     </span>
     <span class='ocr_line' id='line_1_27' title="bbox 121 2924 1138 3015; baseline 0.003 -24"><span class='ocrx_word' id='word_1_242' title='bbox 121 2926 204 2992; x_wconf 78' lang='grc' dir='ltr'><strong><em>ἀλλὰ</em></strong></span> <span class='ocrx_word' id='word_1_243' title='bbox 226 2924 282 2992; x_wconf 82' lang='grc' dir='ltr'><strong><em>καὶ</em></strong></span> <span class='ocrx_word' id='word_1_244' title='bbox 304 2925 325 3009; x_wconf 74' lang='grc' dir='ltr'><em>ἡ</em></span> <span class='ocrx_word' id='word_1_245' title='bbox 347 2926 413 2992; x_wconf 85' lang='grc' dir='ltr'><strong><em>ὑπὸ</em></strong></span> <span class='ocrx_word' id='word_1_246' title='bbox 438 2929 538 2992; x_wconf 87' lang='grc' dir='ltr'><em>ΓΕΑ</em></span> <span class='ocrx_word' id='word_1_247' title='bbox 561 2929 713 2993; x_wconf 79' lang='grc' dir='ltr'><strong><em>δοθεῖσα·</em></strong></span> <span class='ocrx_word' id='word_1_248' title='bbox 738 2926 795 2993; x_wconf 81' lang='grc' dir='ltr'><strong><em>καὶ</em></strong></span> <span class='ocrx_word' id='word_1_249' title='bbox 817 2930 916 3014; x_wconf 79' lang='grc' dir='ltr'><strong><em>λοιπὴ</em></strong></span> <span class='ocrx_word' id='word_1_250' title='bbox 940 2930 1005 3015; x_wconf 81' lang='grc' dir='ltr'><strong><em>δίρα</em></strong></span> <span class='ocrx_word' id='word_1_251' title='bbox 1027 2928 1048 3012; x_wconf 78' lang='grc' dir='ltr'><em>ἡ</em></span> <span class='ocrx_word' id='word_1_252' title='bbox 1072 2930 1138 2994; x_wconf 81' lang='grc' dir='ltr'><strong><em>ὑπὸ</em></strong></span> 
     </span>
    </p>
   </div>
   <div class='ocr_carea' id='block_1_3' title="bbox 120 3189 1143 3546">
    <p class='ocr_par' dir='ltr' id='par_1_3' title="bbox 120 3189 1143 3546">
     <span class='ocr_line' id='line_1_28' title="bbox 193 3189 1138 3261; baseline 0.001 -17"><span class='ocrx_word' id='word_1_253' title='bbox 193 3196 217 3244; x_wconf 90' lang='grc'><strong><em>1.</em></strong></span> <span class='ocrx_word' id='word_1_254' title='bbox 237 3189 293 3259; x_wconf 74' lang='grc' dir='ltr'><strong><em>ἄρα</em></strong></span> <span class='ocrx_word' id='word_1_255' title='bbox 311 3198 360 3259; x_wconf 83' lang='grc' dir='ltr'><strong><em>τῆς</em></strong></span> <span class='ocrx_word' id='word_1_256' title='bbox 378 3191 474 3261; x_wconf 88' lang='grc' dir='ltr'><em>ΔΑΓ]</em></span> <span class='ocrx_word' id='word_1_257' title='bbox 497 3195 580 3244; x_wconf 87' lang='grc' dir='ltr'><strong><em>ΔΑΓ</em></strong></span> <span class='ocrx_word' id='word_1_258' title='bbox 594 3189 651 3259; x_wconf 74' lang='grc' dir='ltr'><strong><em>ἄρα</em></strong></span> <span class='ocrx_word' id='word_1_259' title='bbox 669 3190 696 3245; x_wconf 92' lang='lat' dir='ltr'><strong><em>b.</em></strong></span> <span class='ocrx_word' id='word_1_260' title='bbox 769 3191 837 3261; x_wconf 83' lang='grc' dir='ltr'><strong><em>τῶν]</em></strong></span> <span class='ocrx_word' id='word_1_261' title='bbox 856 3199 905 3260; x_wconf 84' lang='grc' dir='ltr'><strong><em>τῆς</em></strong></span> <span class='ocrx_word' id='word_1_262' title='bbox 923 3191 950 3245; x_wconf 89' lang='lat' dir='ltr'><strong><em>b.</em></strong></span> <span class='ocrx_word' id='word_1_263' title='bbox 1024 3197 1049 3247; x_wconf 73' lang='grc' dir='ltr'><strong><em>θ.</em></strong></span> <span class='ocrx_word' id='word_1_264' title='bbox 1069 3191 1138 3245; x_wconf 75' lang='lat' dir='ltr'>Post</span> 
     </span>
     <span class='ocr_line' id='line_1_29' title="bbox 120 3258 1137 3332; baseline 0.002 -16"><span class='ocrx_word' id='word_1_265' title='bbox 120 3259 219 3324; x_wconf 81' lang='grc' dir='ltr'><strong><em>δοθείς</em></strong></span> <span class='ocrx_word' id='word_1_266' title='bbox 238 3261 302 3316; x_wconf 79' lang='grc' dir='ltr'><strong><em>αδδ.</em></strong></span> <span class='ocrx_word' id='word_1_267' title='bbox 321 3269 371 3316; x_wconf 75' lang='grc' dir='ltr'><strong><em>τοῦ</em></strong></span> <span class='ocrx_word' id='word_1_268' title='bbox 391 3258 422 3315; x_wconf 71' lang='grc' dir='ltr'><strong><em>δὲ</em></strong></span> <span class='ocrx_word' id='word_1_269' title='bbox 440 3262 497 3316; x_wconf 78' lang='grc' dir='ltr'><strong><em>ὑπὸ</em></strong></span> <span class='ocrx_word' id='word_1_270' title='bbox 515 3269 564 3332; x_wconf 83' lang='grc' dir='ltr'><strong><em>τῆς</em></strong></span> <span class='ocrx_word' id='word_1_271' title='bbox 578 3266 657 3316; x_wconf 86' lang='grc' dir='ltr'><em>ΒΑΓ</em></span> <span class='ocrx_word' id='word_1_272' title='bbox 670 3261 741 3330; x_wconf 83' lang='grc' dir='ltr'><strong><em>πρὸς</em></strong></span> <span class='ocrx_word' id='word_1_273' title='bbox 758 3261 789 3316; x_wconf 81' lang='grc' dir='ltr'><strong><em>τὸ</em></strong></span> <span class='ocrx_word' id='word_1_274' title='bbox 806 3266 890 3316; x_wconf 93' lang='grc' dir='ltr'><strong><em>ΑΒΓ</em></strong></span> <span class='ocrx_word' id='word_1_275' title='bbox 904 3259 1042 3332; x_wconf 84' lang='grc' dir='ltr'><strong><em>τρίγωνον</em></strong></span> <span class='ocrx_word' id='word_1_276' title='bbox 1056 3261 1137 3332; x_wconf 86' lang='grc' dir='ltr'><strong><em>λόγος</em></strong></span> 
     </span>
     <span class='ocr_line' id='line_1_30' title="bbox 121 3329 1137 3404; baseline 0.002 -18"><span class='ocrx_word' id='word_1_277' title='bbox 121 3331 178 3387; x_wconf 80' lang='grc' dir='ltr'><strong><em>ἐστὶ</em></strong></span> <span class='ocrx_word' id='word_1_278' title='bbox 192 3331 291 3396; x_wconf 82' lang='grc' dir='ltr'><strong><em>δοθείς</em></strong></span> <span class='ocrx_word' id='word_1_279' title='bbox 309 3333 337 3387; x_wconf 90' lang='lat' dir='ltr'><strong><em>b.</em></strong></span> <span class='ocrx_word' id='word_1_280' title='bbox 400 3338 424 3386; x_wconf 87' lang='grc'><strong><em>3.</em></strong></span> <span class='ocrx_word' id='word_1_281' title='bbox 443 3333 499 3387; x_wconf 76' lang='grc' dir='ltr'><strong><em>ὑπὸ</em></strong></span> <span class='ocrx_word' id='word_1_282' title='bbox 517 3342 573 3389; x_wconf 85' lang='grc' dir='ltr'><strong><em>τῶν</em></strong></span> <span class='ocrx_word' id='word_1_283' title='bbox 588 3338 633 3387; x_wconf 91' lang='grc' dir='ltr'><strong><em>ΒΑ</em></strong></span> <span class='ocrx_word' id='word_1_284' title='bbox 641 3333 681 3404; x_wconf 90' lang='grc' dir='ltr'><em>Γ]</em></span> <span class='ocrx_word' id='word_1_285' title='bbox 700 3337 785 3387; x_wconf 89' lang='grc' dir='ltr'><em>ΑΒΓ</em></span> <span class='ocrx_word' id='word_1_286' title='bbox 799 3329 936 3402; x_wconf 85' lang='grc' dir='ltr'><strong><em>τρίγωνον</em></strong></span> <span class='ocrx_word' id='word_1_287' title='bbox 955 3333 983 3388; x_wconf 88' lang='lat' dir='ltr'><strong><em>b.</em></strong></span> <span class='ocrx_word' id='word_1_288' title='bbox 1042 3340 1068 3387; x_wconf 83' lang='lat'><strong><em>4.</em></strong></span> <span class='ocrx_word' id='word_1_289' title='bbox 1087 3341 1137 3388; x_wconf 77' lang='grc' dir='ltr'><strong><em>τοῦ</em></strong></span> 
     </span>
     <span class='ocr_line' id='line_1_31' title="bbox 122 3395 1143 3476; baseline 0.001 -19"><span class='ocrx_word' id='word_1_290' title='bbox 122 3435 155 3443; x_wconf 97' lang='grc'><strong>-</strong></span> <span class='ocrx_word' id='word_1_291' title='bbox 171 3409 195 3457; x_wconf 90' lang='lat'><strong><em>8.</em></strong></span> <span class='ocrx_word' id='word_1_292' title='bbox 210 3401 320 3475; x_wconf 80' lang='grc' dir='ltr'><strong><em>δοθείς]</em></strong></span> <span class='ocrx_word' id='word_1_293' title='bbox 340 3395 361 3476; x_wconf 78' lang='grc' dir='ltr'><em>ᾦ</em></span> <span class='ocrx_word' id='word_1_294' title='bbox 380 3402 437 3471; x_wconf 72' lang='grc' dir='ltr'><strong><em>ἄρα</em></strong></span> <span class='ocrx_word' id='word_1_295' title='bbox 456 3403 549 3473; x_wconf 78' lang='grc' dir='ltr'><strong><em>μεῖζόν</em></strong></span> <span class='ocrx_word' id='word_1_296' title='bbox 568 3403 626 3458; x_wconf 79' lang='grc' dir='ltr'><strong><em>ἐστι</em></strong></span> <span class='ocrx_word' id='word_1_297' title='bbox 642 3404 674 3458; x_wconf 91' lang='grc' dir='ltr'><strong><em>τδ</em></strong></span> <span class='ocrx_word' id='word_1_298' title='bbox 692 3403 749 3458; x_wconf 78' lang='grc' dir='ltr'><strong><em>ἀπὸ</em></strong></span> <span class='ocrx_word' id='word_1_299' title='bbox 769 3402 983 3473; x_wconf 85' lang='grc' dir='ltr'><strong><em>συναμφοτέρου</em></strong></span> <span class='ocrx_word' id='word_1_300' title='bbox 999 3412 1050 3475; x_wconf 76' lang='grc' dir='ltr'><strong><em>τῆς</em></strong></span> <span class='ocrx_word' id='word_1_301' title='bbox 1063 3407 1143 3459; x_wconf 88' lang='grc' dir='ltr'><strong><em>ΒΑΓ</em></strong></span> 
     </span>
     <span class='ocr_line' id='line_1_32' title="bbox 120 3471 1139 3546; baseline 0.002 -18"><span class='ocrx_word' id='word_1_302' title='bbox 120 3482 170 3528; x_wconf 80' lang='grc' dir='ltr'><strong><em>τοῦ</em></strong></span> <span class='ocrx_word' id='word_1_303' title='bbox 194 3474 250 3529; x_wconf 79' lang='grc' dir='ltr'><strong><em>ἀπὸ</em></strong></span> <span class='ocrx_word' id='word_1_304' title='bbox 273 3482 323 3545; x_wconf 77' lang='grc' dir='ltr'><strong><em>τῆς</em></strong></span> <span class='ocrx_word' id='word_1_305' title='bbox 346 3479 411 3543; x_wconf 89' lang='grc' dir='ltr'><strong><em>ΒΓ,</em></strong></span> <span class='ocrx_word' id='word_1_306' title='bbox 440 3474 531 3530; x_wconf 80' lang='grc' dir='ltr'><strong><em>έκεῖνο</em></strong></span> <span class='ocrx_word' id='word_1_307' title='bbox 558 3475 590 3530; x_wconf 86' lang='grc' dir='ltr'><strong><em>τὸ</em></strong></span> <span class='ocrx_word' id='word_1_308' title='bbox 618 3471 721 3546; x_wconf 80' lang='grc' dir='ltr'><strong><em>χωρίον</em></strong></span> <span class='ocrx_word' id='word_1_309' title='bbox 745 3474 816 3543; x_wconf 83' lang='grc' dir='ltr'><strong><em>πρὸς</em></strong></span> <span class='ocrx_word' id='word_1_310' title='bbox 838 3475 870 3529; x_wconf 90' lang='grc' dir='ltr'><strong><em>τδ</em></strong></span> <span class='ocrx_word' id='word_1_311' title='bbox 893 3480 977 3529; x_wconf 89' lang='grc' dir='ltr'><strong><em>ΑΒΓ</em></strong></span> <span class='ocrx_word' id='word_1_312' title='bbox 1001 3473 1139 3545; x_wconf 87' lang='grc' dir='ltr'><strong><em>τρίγωνον</em></strong></span> 
     </span>
    </p>
   </div>
   <div class='ocr_carea' id='block_1_4' title="bbox 0 0 1211 3840">
    <p class='ocr_par' dir='ltr' id='par_1_4' title="bbox 0 0 1211 3840">
     <span class='ocr_line' id='line_1_33' title="bbox 0 0 1211 3840; baseline 0 0"><span class='ocrx_word' id='word_1_313' title='bbox 0 0 1211 3840; x_wconf 95' lang='lat' dir='ltr'><strong><em> </em></strong></span> 
     </span>
    </p>
   </div>
  </div>
 </body>
</html>
