2400 3840
117 151 182 214 238
290 152 418 204 MARINI
436 150 657 202 PHILOSOPHI
676 147 961 200 COMMENTARIUS

184 294 418 378 ἀπογράφουσι
446 297 562 357 τοίνυν
589 293 626 356 τὸ
650 298 849 374 τεταγμένον
873 291 910 354 τὸ
935 288 986 354 ἀεὶ
1010 291 1133 355 ταύτὸν

118 403 313 484 σωζόμενον,
331 396 409 462 καθ’
427 397 444 462 ὃ
463 398 619 480 τετάχθαι
639 396 776 480 λέγεται,
795 397 869 478 ἤτοι
887 395 970 459 κατά
989 394 1132 479 μέγεθος

118 501 250 590 ἢεῖδος
273 504 292 587 ἢ
317 506 397 568 ἀλλο
417 527 450 567 τι
468 515 535 566 τῶν
557 503 731 566 τοιούτων·
764 498 864 584 ἀλκαὶ
888 498 1018 584 ἑτέρως·
1052 501 1132 586 ὅπερ

117 613 161 695 μη
190 610 356 694 ἐνδέχεται
386 611 502 674 ἀλλοτε
532 611 639 684 άλλως
666 611 849 691 γίνεσθαι,
868 607 951 671 ἀλλὰ
979 618 1133 691 μοναχῶς

84 715 155 779 δέν
179 712 399 800 ἀφωρισμένφ
423 711 489 777 τινλ
512 716 611 799 τόπφ.
658 703 745 794 οἷον,
773 712 818 787 ώς
841 713 932 798 τύπω
962 714 1084 796 είπεῑν,
1113 712 1134 795 ἡ

118 822 175 885 διά
193 822 255 885 δύο
275 823 418 905 σημείων
434 817 617 901 ἑστηκότων
631 817 822 902 γραφομένη
842 819 958 882 εὐθεῖα
972 819 1133 902 τετάχθαι

118 925 245 1008 λέγεται
274 935 319 1014 τῶ
343 928 386 1010 μὴ
410 927 517 1000 άλλως
544 922 599 988 καὶ
627 923 774 999 ἀστάτως
797 926 947 1006 άγεσθαι.
994 926 1133 1000 ἀτακτος

118 1031 157 1096 δέ
183 1032 273 1097 ἐστιν
300 1033 320 1115 ἡ
349 1032 405 1095 διά
433 1031 527 1094 δυεῖν
555 1030 758 1115 περιφέρεια·
792 1035 963 1113 πολλαχῶς
991 1030 1055 1114 γάρ
1079 1027 1132 1093 καὶ

118 1138 265 1212 ἀστάτως
288 1137 460 1221 γράφεται,
483 1133 538 1199 καὶ
561 1139 708 1220 μείζονος
731 1134 786 1199 καὶ
810 1135 983 1211 ε’λάττονος
1006 1136 1132 1199 κύκλου

66 1259 99 1306 10
119 1241 169 1307 ἐπ’
191 1244 328 1325 ἀπειρον
351 1239 571 1325 γραφομένων
594 1241 650 1303 διά
669 1252 736 1305 τῶν
759 1242 821 1305 δύο
841 1245 994 1326 σημείων.
1031 1242 1133 1306 πάλιν

118 1344 155 1411 δὲ
182 1344 360 1430 τεταγμένη
389 1344 478 1411 ἐστὶν
507 1347 527 1429 ἡ
551 1347 607 1409 διά
630 1359 732 1430 τριῶν
756 1351 901 1432 σημείων
929 1347 1133 1433 περιφέρεια.

119 1456 186 1518 ἔστι
215 1450 251 1517 δέ
279 1450 334 1516 καλ
362 1453 402 1516 τά
429 1462 565 1517 τοιαῦτα
592 1464 660 1517 τῶν
687 1452 907 1537 τεταγμένων,
941 1455 986 1529 ὡς
1013 1455 1050 1519 τὸ
1081 1452 1133 1518 έπὶ

118 1570 175 1643 της
212 1561 369 1641 δοθείσης
406 1559 539 1635 εὐθείας
576 1561 774 1643 ἰσόπλευρον
810 1564 974 1644 τρίγωνον
1012 1562 1133 1641 συστη-

119 1673 256 1730 σασθαι·
280 1668 312 1729 εί
328 1667 390 1750 γάρ
410 1664 465 1730 καὶ
484 1666 584 1749 διχῶς
603 1668 760 1748 γίγνεται,
780 1664 863 1729 ἀλλά
881 1663 960 1729 καθ’
978 1664 1134 1751 ἑκάτερον

67 1789 99 1835 15
119 1772 217 1857 μέρος
239 1781 297 1855 τῆς
320 1772 454 1848 εὐθείας
476 1783 627 1866 μοναχῶς
649 1768 705 1834 καλ
725 1770 973 1855 ἀμεταπτώτως·
997 1769 1053 1835 καὶ
1072 1773 1134 1855 τὴν

119 1879 280 1943 δοθεῖσαν
308 1878 444 1942 εὐθεῖαν
473 1880 519 1953 είς
544 1878 603 1942 τὸν
626 1875 771 1941 δοθέντα
795 1879 896 1959 λόγον
919 1889 1041 1960 τεμεῖν·
1075 1901 1133 1961 μο-

119 1995 227 2067 ναχῶς
249 1985 312 2069 γάρ
336 1983 378 2048 ἀν
400 1982 455 2048 καὶ
478 1993 576 2047 τοῦτο
599 1982 729 2064 γένοιτο
751 1980 802 2047 έπλ
821 1983 946 2069 θάτερα
965 1992 1024 2066 τῆς
1043 1984 1133 2067 διχο-

119 2094 242 2174 τομίας.
279 2092 401 2155 ἀτακτα
420 2088 460 2154 δέ
472 2090 540 2155 ἐστι
555 2090 595 2152 τά
609 2090 740 2164 τούτοις
759 2087 991 2173 ἀντικειμένως
1005 2092 1133 2173 ἔχοντα,

120 2197 164 2272 ὡς
191 2198 228 2260 τὸ
257 2197 422 2278 σκαληνὸν
449 2199 679 2278 συστήσασθαι
707 2193 761 2259 καὶ
789 2197 851 2278 την
879 2195 1017 2259 εὐθεῖαν
1040 2195 1132 2281 ἀορί-

66 2316 100 2365 20
119 2319 204 2376 στῶς
222 2314 339 2386 τεμεῖν.
367 2305 557 2386 πρόσκειται
576 2298 613 2365 δὲ
631 2311 676 2388 τῶ
697 2301 763 2388 ὅρῳ
783 2301 820 2364 τὸ
839 2298 917 2365 καθ’
935 2299 952 2364 δ
971 2300 1133 2386 τέτακται,

120 2405 189 2471 έπεὶ
213 2407 355 2471 δύναταί
375 2431 406 2470 τι
430 2408 466 2470 ἓν
489 2404 543 2471 καλ
567 2407 689 2470 ταύτὸν
712 2407 752 2471 δν
775 2417 820 2492 πη
843 2403 903 2491 μέν
922 2406 1132 2491 τεταγμένον,

119 2508 226 2586 άλλως
250 2508 286 2574 δέ
309 2513 451 2576 άτακτον
473 2507 569 2594 εἶναι,
592 2503 664 2576 οἷον
683 2514 720 2577 τὸ
741 2515 938 2593 ίσόπλευρον
956 2515 1134 2598 τρίγωνον,

119 2611 140 2703 ᾗ
172 2613 232 2701 μὲν
265 2619 463 2702 ίσόπλευρόν
495 2617 601 2701 ἐστιν,
637 2617 804 2702 τέτακται,
836 2617 980 2702 μεγέθει
1001 2616 1038 2683 δὲ
1070 2621 1133 2704 οὐχ

121 2724 258 2808 ὥρισται
280 2733 355 2788 πᾶν.

66 2846 100 2894 25
186 2832 355 2915 γνώριμον
383 2830 422 2894 δέ
443 2830 510 2895 ἐστι
538 2832 575 2895 τὸ
604 2834 870 2915 γιγνωσκόμενον
898 2831 943 2906 ὡς
965 2832 1003 2895 τὸ
1028 2832 1133 2914 δῆλον

123 2937 199 3021 ἡμῖν
217 2935 272 3001 καὶ
288 2939 631 3020 καταλαμβανόμενον,
650 2937 821 3017 ἀγνωστον
841 2932 877 2999 δὲ
895 2936 992 3019 τὸμὴ
1011 2960 1133 3018 γιγνω-

121 3046 283 3126 σκόμενον
309 3039 392 3127 μηδὲ
419 3045 751 3127 καταλαμβανόμενον
777 3040 838 3125 ὑφ’
862 3042 968 3126 ἡμῶν·
998 3035 1071 3107 οἷον
1094 3045 1132 3107 τὸ

120 3160 222 3234 μῆκος
242 3159 300 3232 της
317 3149 400 3214 ὁδοῦ
418 3150 587 3233 γνώριμον
606 3143 689 3212 εἶναι
710 3147 846 3230 λέγεται,
869 3145 949 3211 καθ’
966 3148 995 3231 ὅ,
1017 3151 1134 3214 πόσων

191 3349 215 3396 4.
231 3342 338 3414 ἄλλοτε]
354 3341 422 3394 ἀλλα
432 3360 462 3394 τε
472 3341 536 3394 Vat.
592 3347 616 3396 8.
632 3342 722 3411 δυεῖν]
735 3343 815 3394 δυοῖν
827 3340 892 3393 Vat.
949 3344 973 3392 9.
989 3336 1038 3393 καί
1048 3339 1132 3411 (alb.)]

120 3431 173 3467 om.
193 3413 321 3481 Pvat.v;
346 3412 410 3466 add.
434 3429 470 3466 m.
491 3418 514 3465 2.
539 3410 603 3465 vat.
696 3417 736 3465 11.
762 3408 938 3480 περιφέρεια]
958 3426 1048 3479 comp.
1066 3411 1132 3464 Vat.

159 3489 197 3537 15.
218 3481 266 3538 καί
280 3485 352 3554 (pr.)]
372 3500 460 3552 comp.
479 3481 508 3550 P,
529 3499 581 3536 om.
597 3481 661 3536 vat.
734 3487 775 3535 25.
795 3481 825 3534 τό
841 3480 923 3550 (alt.)]
943 3483 1113 3550 suspectum
