2400 3840
456 143 744 199 PROLEGOMENA.
1048 141 1112 198 LIII

97 288 138 343 ad
152 288 289 342 Datorum
306 285 410 340 librum
428 285 521 354 refert,
539 301 596 338 non
614 284 693 353 liber,
713 285 763 339 sed
781 302 815 338 ea
829 285 1020 357 intellegenda
1034 287 1110 355 sunt,

96 383 173 436 quae
192 366 222 421 in
239 365 391 436 hypothesi
409 365 478 419 data
497 367 597 434 sunt1).
629 382 720 434 neque
739 368 835 421 tamen
853 368 1022 436 negauerim,
1041 368 1109 422 Pro-

97 448 176 502 clum
203 445 263 501 eius
290 444 423 499 habuisse
448 444 593 514 notitiam,
620 443 785 514 praesertim
813 461 877 498 cum
903 445 1030 500 notiones
1058 456 1108 501 τοῦ

96 524 254 597 δεδομένον
279 528 307 580 et
329 533 379 579 τοῦ
398 524 536 579 δεδόσθαι
560 523 641 577 illum
663 541 720 578 non
741 523 887 595 ignorasse
906 526 1026 579 doceant
1043 525 1107 595 loci,

96 607 199 677 quales
214 607 280 660 sunt
292 625 319 676 p.
331 609 521 674 205,13sqq.;
541 610 706 673 277,'1sqq.,
726 621 843 673 cumque
852 605 957 659 Marini
970 622 1107 661 commen-

96 687 190 742 tarius
217 684 379 740 testimonio
407 685 458 754 sit,
487 687 581 739 aetate
609 684 669 738 eius
696 684 821 738 Euclidis
844 685 919 740 Data
946 684 976 738 in
1004 686 1106 740 scholis

95 769 223 822 tractata
241 782 310 821 esso.

169 845 346 916 Eutociumh
365 846 502 899 Daturum
523 845 627 899 librum
650 844 783 898 habuisse
805 845 926 900 efficitur
945 846 1057 901 cnloco
1077 846 1107 901 in

95 926 295 981 Archimedem
317 925 372 980 uol.
391 926 431 980 ΙΠ
448 943 475 994 p.
491 930 556 994 214,
577 930 610 979 10
621 942 680 994 sqq.
705 925 748 980 ed.
767 925 903 997 Heiberg:
932 928 979 980 ἵνα
1003 925 1034 981 δὲ
1058 928 1107 981 ταὶ

92 1016 180 1062 τοῦτο
195 1006 359 1068 ἀκολούθως
372 1013 405 1078 τῇ
420 1007 588 1076 στοιχειώσει
602 1014 656 1059 τῶν
665 1002 833 1075 Λεδομέναν
843 1007 913 1076 δοιῇ
924 1005 1107 1077 συνάγεσθαι,

95 1085 274 1157 λεχθήσεται.
310 1102 402 1155 neque
426 1085 542 1139 dubium
565 1088 620 1155 est,
649 1084 717 1154 quin
739 1084 827 1139 uerba
845 1104 871 1156 p.
888 1092 947 1155 136,
962 1092 1031 1140 6-8
1055 1083 1106 1142 ἐὰν

95 1167 129 1222 δὲ
155 1163 310 1236 δεδομένον
333 1163 454 1235 μέγεθος
477 1163 516 1228 εἰς
539 1163 692 1236 δεδομένον
715 1164 798 1234 λόγον
817 1167 964 1237 διαιρεθῇ,
992 1165 1106 1222 δέδοται

95 1242 232 1317 ἑκάτερον
250 1255 304 1300 τῶν
323 1247 471 1316 τμημάτων
491 1245 528 1299 ad
541 1245 677 1300 Datorum
690 1261 768 1316 prop.
781 1249 795 1298 7
809 1245 956 1301 referenda
970 1246 1034 1317 sint,
1053 1265 1106 1303 nec

93 1327 190 1382 minus
213 1346 240 1397 p.
256 1332 316 1395 140,
331 1332 401 1381 5-6
424 1325 459 1379 τὰ
482 1325 535 1395 γὰρ
558 1325 628 1395 πρὸς
650 1326 682 1380 τὸ
705 1326 774 1380 αὐτὸ
796 1323 879 1395 λόγον
903 1326 1001 1396 ἔχοντα
1025 1330 1127 1391 δεδο-,

95 1404 184 1477 μένον
211 1407 261 1462 καλ
287 1407 356 1476 πρὸς
384 1406 488 1474 ἄλληλα
516 1406 599 1474 λόγον
627 1403 710 1475 ἔχει’)
739 1405 891 1475 δεδομένον
920 1407 958 1460 ad
982 1424 1060 1478 prop.
1080 1414 1104 1477 8,

95 1507 123 1557 p.
139 1491 316 1556 212,17-18
336 1482 387 1541 ε’ὰν
406 1486 438 1541 δὲ
453 1486 541 1542 δοθὲν
560 1485 789 1555 παραδοθεῖσαν
803 1489 983 1559 παραβληθῇ,
1002 1488 1106 1551 πλάτος

93 1574 178 1622 ποιεῖ
192 1564 281 1621 δοθέν
299 1567 336 1620 ad
349 1583 427 1637 prop.
444 1571 486 1635 57,
511 1584 538 1636 p.
554 1572 614 1635 220,
630 1570 734 1618 12-14
753 1564 802 1619 ἐὰν
817 1564 971 1637 δεδομένον
985 1564 1106 1637 μέγεθος

93 1646 167 1714 πρός
184 1666 211 1701 τι
229 1644 328 1717 μόριον
348 1643 448 1701 έαντοῦ
467 1645 549 1714 λόγον
564 1644 622 1714 ἔχει
635 1643 798 1714 δεδομένον,
816 1646 864 1699 καὶ
878 1645 948 1716 πρὸς
960 1647 991 1700 τὸ
1006 1647 1104 1701 λοιπὸν
1132 1639 1136 1650 ’

85 1727 179 1795 ,λόγον
199 1725 255 1793 ἕξει
272 1724 426 1797 δεδομένον
445 1727 482 1780 ad
495 1743 573 1797 prop.
590 1730 613 1780 5.
648 1726 795 1794 praeterea
809 1726 857 1779 cfr.
872 1745 898 1796 p.
911 1731 970 1793 194,
986 1732 1019 1780 17
1030 1745 1104 1797 sqq.;

92 1813 157 1876 220,
173 1812 206 1860 15
216 1825 275 1876 sqq.
291 1806 327 1861 al.
881 1874 883 1878 .

166 1887 235 1941 Post
248 1884 396 1941 Eutocium
415 1885 468 1940 etsi
486 1902 536 1956 per
554 1887 646 1939 totum
664 1881 788 1938 medium
802 1900 903 1938 aeuum
916 1902 1008 1955 pauca
1023 1888 1104 1942 testi·
1136 1899 1139 1905 '

91 1967 191 2021 monia
208 1965 393 2037 reperiuntur,
412 1964 514 2032 quibus
533 1963 658 2019 studium
674 1963 811 2016 Datorum
829 1965 986 2019 confirmari
1003 1967 1103 2037 possit,

92 2048 192 2100 tamen
214 2049 244 2101 et
262 2045 372 2100 codices
390 2045 435 2099 illi
452 2045 482 2098 in
501 2044 607 2099 oriente
627 2042 725 2113 scripti
745 2045 775 2097 et
793 2043 900 2098 scholia
918 2045 1036 2115 antiqua
1055 2048 1102 2103 de-

91 2129 262 2194 monstrant,
276 2125 402 2180 Euclidis
416 2125 520 2179 librum
534 2123 592 2178 illis
606 2123 779 2194 temporibus
793 2140 850 2177 non
864 2139 924 2178 esse
934 2126 1102 2195 neglectum.

91 2205 236 2276 proximus
256 2205 292 2259 ab
310 2204 428 2260 Eutocio
447 2204 529 2259 testis
549 2203 765 2274 Olympiodorus
788 2206 844 2272 est,
873 2206 949 2274 apud
971 2223 1055 2274 quem
1073 2208 1103 2262 in

92 2285 294 2340 commentario
308 2284 340 2339 in
352 2284 512 2338 Aristotelis
526 2285 705 2356 meteorolog.
720 2284 746 2338 11
763 2303 790 2354 p.
802 2289 854 2338 150
872 2285 914 2339 ed.
927 2285 1018 2341 Ideler
1031 2287 1102 2344 haec
1147 2341 1152 2352 ,

91 2366 238 2438 leguntur:
266 2363 408 2420 δέδεικται
432 2360 462 2419 έν
485 2371 543 2427 τοῖς
565 2363 748 2435 Δεδομένοις,
772 2363 827 2432 ὅτι,
851 2360 902 2419 ἐὰν
926 2365 978 2421 δύο
1001 2376 1102 2439 σημεῖα

90 2448 169 2517 δοθῇ
187 2453 221 2516 τῇ
239 2444 329 2512 θέσει,
347 2442 488 2500 τουτέστιν
507 2444 677 2516 ὁμολογηθῇ,
696 2444 745 2498 καλ
763 2443 780 2512 ἡ
796 2440 1015 2514 ἐτιζεογνύονσα
1029 2447 1103 2503 αὐτὰ

92 2527 195 2580 εὐθεῖα
218 2523 345 2594 δέδοται,
368 2524 417 2580 not
439 2522 548 2594 λέγεται
571 2524 710 2579 δεδόσθαι
727 2524 808 2579 θέσει
830 2524 878 2578 καλ
897 2524 1015 2597 μήτειλ).
1053 2530 1103 2583 καὶ

89 2605 178 2660 πάλιν
198 2601 249 2661 ἐὰν
267 2605 338 2660 ἄλλα
356 2611 456 2675 σημεῖα
475 2607 550 2675 δοθῇ
569 2604 618 2659 καὶ
636 2603 653 2672 ἡ
674 2600 891 2672 ἕτεζειιγνύοοσα
905 2605 977 2659 αὐτὰ
991 2609 1101 2676 εὐθεῖα,

89 2685 142 2740 acci
166 2685 181 2740 ὁ
205 2682 285 2754 λόγος
307 2693 362 2739 τῶν
387 2687 506 2739 εὐθειῶν
530 2682 656 2754 δέδοται,
679 2691 763 2740 ποῖον
781 2684 864 2755 λόγον
887 2684 944 2755 ἔχει
961 2684 1012 2756 ἥδε
1031 2689 1101 2760 πρὸς

89 2765 190 2834 τήνδε,
215 2764 293 2819 aliud
311 2763 504 2820 testimonium
522 2766 566 2818 est
584 2763 722 2819 scholium
744 2764 774 2818 in
792 2765 943 2836 Antholog.
962 2767 989 2820 Π
1006 2788 1032 2838 p.
1048 2775 1100 2823 499

89 2845 220 2900 Diibner:
247 2845 282 2900 τὰ
305 2845 336 2900 δὲ
359 2853 476 2899 τοιαῦτα
498 2844 681 2917 προβλήματα
703 2850 786 2899 ιιαλεῑ
805 2841 836 2899 έν
854 2852 912 2908 τοῖς
930 2845 1100 2918 Δεδομένοις

164 2990 190 3057 1)
207 2987 241 3041 Id
258 2987 368 3041 monuit
387 2986 473 3041 etiam
491 2985 670 3041 Buchbinder
687 2987 803 3042 Euclide
820 2987 964 3043 Porismen
982 3007 1008 3044 u.
1024 2990 1099 3045 Data

87 3077 108 3130 p
162 3132 189 3200 2)
203 3129 236 3184 U.
247 3128 371 3200 Heiberg
387 3127 489 3183 Philol.
504 3128 622 3184 Studien
635 3147 670 3182 zu
683 3128 786 3199 griech.
797 3129 894 3198 Math,
913 3130 991 3184 Neue
1000 3131 1098 3188 Jahrb.

87 3201 109 3254 f.
128 3200 230 3255 Philol.
251 3200 346 3270 Suppl.
365 3200 404 3253 XI
421 3220 448 3270 p.
463 3205 516 3253 364
526 3218 566 3269 sq.
697 3213 700 3219 '

161 3275 189 3354 3)
208 3270 289 3337 Quod
307 3271 441 3326 Eutocius
458 3271 512 3325 hoc
530 3271 592 3325 loco
611 3288 674 3324 cum
691 3270 843 3325 Theoninis
866 3269 923 3340 ἔχει
940 3272 1027 3328 habet
1045 3291 1098 3345 pro

87 3342 154 3412 ἕξει,
172 3344 239 3398 mde
257 3358 314 3396 non
333 3341 502 3412 collegerim,
522 3340 643 3395 Theonis
663 3357 728 3395 eum
745 3341 878 3396 habuisse
892 3345 1097 3416 recensionem;

86 3415 203 3470 uidetur
207 3413 296 3539 1prim
312 3413 438 3468 Euclidis
456 3413 661 3483 propositiones
680 3429 714 3467 ex
732 3412 867 3467 memoria
885 3415 1043 3484 protulisse.

160 3488 188 3555 4)
235 3529 240 3539 .
259 3501 336 3555 prop.
352 3491 393 3539 26.
