2400 3840
523 172 628 225 DATA.
917 124 924 136 ·
1038 172 1081 236 21

64 336 142 380 oum
165 313 390 400 magnitudine
413 319 481 379 BA
509 316 585 380 data
612 321 675 400 eut3
708 320 781 382 tota
804 316 891 380 enim
913 320 982 380 ΑΕ
1008 315 1086 380 data
1191 340 1195 353 ·

64 424 125 485 est.
164 441 243 507 ergo
266 421 458 517 magnitudo
477 425 540 486 BA
563 444 636 488 oum
661 422 818 506 sequenti,
841 423 880 486 ad
904 443 1001 505 quam
1020 425 1089 486 ΒΓ

62 526 230 591 rationem
251 524 352 593 habet
375 527 495 612 datam,
517 528 594 592 data
617 533 674 593 est.

546 721 602 785 XI.

133 843 171 909 Si
199 843 407 929 magnitudo,
438 848 627 929 comparata
655 865 728 908 oum
757 843 821 909 alia
849 844 1083 932 magnitudine,

62 951 145 1015 data
166 948 271 1014 maior
298 954 349 1014 est
377 971 474 1034 quam
500 950 699 1035 iuratione,
727 951 854 1036 eadem,
880 951 980 1016 etiam
1008 974 1083 1016 oum

62 1060 205 1139 utraque
234 1055 330 1121 simul
358 1062 558 1142 comparata,
591 1057 668 1121 data
696 1056 800 1122 maior
832 1057 894 1122 erit
922 1040 1020 1140 quam
1046 1057 1083 1121 in

62 1162 208 1245 ratione3
240 1166 274 1227 ot
299 1162 328 1227 si
351 1164 477 1249 eadem,
504 1185 578 1228 oum
602 1167 739 1247 utraque
763 1163 861 1228 simul
884 1168 1083 1249 comparata,

62 1269 143 1333 data
165 1266 270 1333 maior
293 1268 355 1333 erit
379 1291 476 1354 quam
504 1270 703 1355 iuratione,
731 1270 857 1356 eadem,
884 1270 983 1335 etiam
1007 1292 1082 1335 cum

61 1374 190 1458 reliqua
212 1379 410 1460 comparata,
432 1375 509 1441 data
531 1375 635 1440 maior
658 1375 720 1441 erit
744 1397 841 1460 quam
863 1375 898 1439 in
921 1375 1059 1441 ratione.

132 1480 324 1566 magnitudo
348 1481 436 1546 enim
454 1485 530 1566 AB,
553 1486 742 1566 comparata
765 1504 838 1547 oum
857 1481 1083 1567 magnitudino

61 1590 136 1672 ΒΓ,
160 1587 236 1651 data
254 1587 359 1652 maior
377 1587 422 1652 sit
440 1609 537 1672 quam
555 1587 591 1652 in
608 1588 745 1653 ratione.
782 1587 854 1652 dico
878 1609 959 1673 eam,
981 1587 1082 1652 otiam

62 1715 140 1759 oum
166 1695 239 1757 ΑΓ
262 1696 497 1778 comparatum,
529 1693 606 1758 data
635 1694 792 1758 maiorem
821 1714 890 1757 esne
922 1715 1019 1776 quam
1046 1692 1082 1756 in

62 1798 201 1863 ratione.

131 1926 208 1969 nam
245 1904 399 1990 quoniam
435 1904 627 1991 magnitudo
659 1910 691 1968 A
698 1908 727 1969 Β
734 1956 744 1990 ,
782 1909 970 1988 comparata
1006 1927 1081 1969 oum

63 2009 291 2095 magnitudine
317 2013 390 2096 BP,
422 2011 498 2076 data
530 2010 634 2074 maior
667 2014 718 2075 est
750 2031 847 2094 quam
879 2009 915 2072 in
945 2009 1082 2095 ratione,

62 2163 87 2212 A
307 2162 332 2212 E
403 2165 429 2212 A
519 2164 541 2211 B
651 2162 678 2211 P
721 2116 888 2182 auferatur
916 2115 993 2179 data
1017 2138 1083 2180 ma-

71 2230 659 2266 1’“·“·-···-’·”-1”-····--Ι
718 2222 855 2309 gnitudo
881 2227 959 2286 ΑΔ.
1010 2221 1083 2286 reli-

64 2350 148 2412 quae
166 2328 271 2414 igitur
288 2333 355 2394 AB
375 2329 414 2393 ad
433 2331 500 2392 ΒΓ
512 2329 599 2394 ratio
618 2330 695 2394 data
713 2334 764 2394 eut
784 2327 940 2413 [def.11].
969 2350 986 2393 e
1005 2350 1082 2394 oon-

61 2435 166 2500 trario
182 2440 215 2500 et
229 2436 452 2521 componendo
466 2435 551 2500 ratio
567 2438 628 2500 ΓΔ
637 2459 645 2499 :
655 2440 722 2500 AB
739 2436 816 2500 data
829 2439 880 2500 ost
894 2435 998 2519 [prop.
1009 2434 1081 2519 VI].

62 2541 177 2606 eadem
196 2545 292 2625 atque
310 2540 370 2605 illa
382 2541 442 2606 fiat
455 2541 540 2605 ratio
554 2547 625 2606 ΑΔ
635 2565 642 2605 :
651 2547 685 2606 Δ
690 2546 728 2606 Ε.
755 2541 867 2625 itaque
882 2541 982 2607 otiam
996 2540 1082 2606 ratio

61 2652 130 2711 ΑΔ
144 2670 152 2709 :
165 2651 235 2711 ΛΕ
261 2647 337 2711 data
364 2651 414 2712 est
443 2647 518 2732 [def.
541 2646 588 2731 2].
638 2648 715 2712 data
742 2651 793 2711 est
821 2651 930 2710 autem
958 2647 1083 2732 magni-

61 2753 144 2818 tudo
159 2758 233 2817 ΑΔ.
271 2775 369 2836 quare
389 2753 489 2818 etiam
502 2757 573 2817 ΔΕ
594 2753 671 2818 data
690 2756 740 2817 est
760 2752 865 2836 [prop.
879 2751 938 2836 11].
969 2752 1082 2836 iaque

61 2858 165 2922 etiam
197 2857 323 2942 reliqua
350 2863 417 2923 EA
450 2859 526 2923 data
553 2862 604 2922 est
632 2858 738 2942 [prop.
766 2856 837 2940 11].
889 2861 940 2922 est
971 2861 1082 2921 autem

60 2963 166 3029 etiam
197 2963 282 3028 ratio
314 2964 418 3030 totius
450 2963 686 3051 magnitudinis
713 2965 785 3027 ΑΓ
812 2963 852 3027 ad
884 2967 991 3028 totam
1018 2965 1083 3028 ΕΒ

61 3071 142 3135 data
161 3068 216 3155 [V,
233 3071 289 3155 123
307 3070 368 3135 def.
383 3070 429 3155 2].
460 3071 572 3156 itaque
591 3070 691 3135 etiam
709 3069 794 3134 ratio
813 3072 877 3133 ΕΒ
892 3092 899 3132 :
913 3071 988 3133 ΑΓ
1005 3068 1083 3132 data

62 3180 122 3241 est.
160 3179 194 3240 et
212 3175 289 3242 data
307 3180 358 3240 ost
376 3175 568 3262 magnitudo
587 3180 662 3239 ΑΕ.
700 3196 778 3260 ergo
798 3173 990 3259 magnitudo
1010 3177 1083 3258 BA,

61 3287 254 3366 comparata
273 3304 347 3347 oum
365 3282 590 3369 magnitudine
604 3283 679 3365 ΑΓ,
697 3281 775 3345 data
792 3279 897 3344 maior
915 3283 966 3342 est
984 3299 1083 3361 quam

62 3387 250 3453 iuratione
275 3387 349 3472 [def.
372 3386 438 3472 11].

130 3495 198 3560 iam
221 3514 299 3559 uero
324 3494 516 3580 magnitudo
539 3498 620 3579 BA,
647 3497 837 3578 comparata
862 3513 936 3557 oum
959 3491 1083 3577 magni-
