2400 3840
513 182 677 234 εοΗοτιΑ.
1034 180 1099 245 313

157 327 230 392 181.
262 323 330 391 Καὶ
353 327 450 410 λοιπὴ
475 327 538 411 ἄρα
561 325 581 408 ἡ
605 329 672 390 ΒΓ
694 349 724 410 p.
746 325 899 411 168,10]
928 330 1100 410 συναμφό-

87 455 182 517 τερος
204 431 224 514 ἡ
248 437 325 516 ΑΒ,
344 436 412 497 ΒΓ
433 432 604 497 ὑπόκειται
627 433 781 516 δοθεῖσα,
808 435 867 497 καί
887 431 978 497 ε’στιν
1003 438 1055 516 ἴση
1079 434 1100 518 ἡ

87 543 155 604 ΑΒ
179 549 218 625 τῇ
237 543 315 623 ΛΒ,
338 542 396 603 καί
416 541 480 604 εἰσι
503 539 670 604 δοθεῖσαι·
698 539 781 604 ὥστε
803 537 858 604 καὶ
880 538 901 621 ἡ
921 542 1028 603 ΑΒΓ
1045 540 1101 602 δο-

87 645 188 711 θεῖσα
216 644 318 710 ἐστιν’
352 643 484 711 δέδοται
511 648 575 732 ἄρα
603 645 661 728 όλη
690 646 710 729 ἡ
737 652 771 710 A
777 649 814 710 Γ.
860 644 918 712 ἐὰν
946 642 1008 712 οὖν
1036 645 1100 711 ἀπὸ

89 749 268 836 δεδομένης
290 761 348 836 της
371 756 443 817 ΛΓ
465 750 624 836 δεδομένη
647 752 668 836 ἡ
691 756 757 816 AB
786 752 969 839 ἀφαιρεθῇ,
1001 751 1099 835 καὶὴ
1136 763 1152 812 5

89 857 332 942 ὑπολειπομένη
356 858 497 924 δέδοται.

415 1037 468 1101 Ad
489 1060 580 1122 prop.
603 1036 781 1102 LXXXVI.

160 1160 232 1226 182.
265 1164 395 1226 Λουτοῢ
418 1163 482 1248 ἄρα
504 1170 564 1227 τοῦ
587 1160 652 1228 ὑπὸ
675 1173 742 1227 τῶν
766 1166 866 1227 ΑΓΒ
893 1186 924 1246 p.
948 1162 1021 1243 168,
1043 1159 1101 1244 23]

90 1269 127 1332 τὸ
151 1267 214 1353 γὰρ
239 1266 375 1332 δοθέντι
398 1271 507 1352 μεῖζον
529 1267 550 1350 ἢ
574 1267 610 1333 έν
633 1271 720 1357 λόγῳ
742 1268 842 1353 ἐστίν,
866 1268 946 1333 ὅταν
965 1267 1102 1353 ἀφαιρε-

90 1372 210 1451 θέντος
238 1383 297 1438 τοῦ
326 1373 486 1451 δοθέντος
512 1376 549 1439 τὸ
577 1377 695 1440 λοιπὸν
722 1377 805 1461 πρὸς
832 1377 869 1440 τὸ
897 1375 977 1440 αὐτὸ
1002 1378 1103 1457 λόγον
1122 1386 1155 1434 10

90 1484 156 1565 ἔχει
180 1479 369 1564 δεδομένον,
392 1481 437 1556 ὡς
460 1479 496 1544 ἐν
518 1492 588 1556 τοῖς
612 1481 711 1567 ὅροις.

160 1607 232 1672 183.
260 1602 316 1681 Ὡς
339 1600 376 1668 δὲ
399 1605 436 1668 τὸ
459 1604 524 1669 ὑπὸ
547 1615 614 1669 τῶν
637 1601 928 1691 ABrp170‚4]
958 1603 1015 1668 ἐὰν
1039 1607 1102 1691 γὰρ

91 1713 153 1796 τὴν
181 1716 248 1777 BA
275 1719 315 1796 τῇ
343 1715 410 1776 ΑΒ
438 1709 488 1776 ἐπ’
514 1711 648 1789 εὐθείας
673 1715 876 1795 ποιήσωμεν,
909 1712 1025 1794 δῆλον·
1059 1711 1104 1787 ὡς

92 1819 155 1904 γὰρ
179 1819 219 1882 τόι
241 1821 565 1904 παραλληλόγραμμα
587 1820 670 1905 πρὸς
693 1820 834 1903 ἄλληλα,
862 1818 968 1894 οὕτως
990 1815 1045 1881 καὶ
1069 1818 1106 1881 αό

91 1925 212 2007 βάσεις.
352 1970 355 1976 2
1123 1933 1156 1983 15

162 2050 234 2115 184.
262 2051 340 2116 Ἐὰν
363 2051 427 2135 γὰρ
450 2050 566 2116 εὐθεῖα
585 2051 630 2127 ὡς
648 2052 667 2135 ἡ
687 2054 755 2115 ΒΓ
772 2055 894 2136 τμηθῇ,
918 2049 962 2125 ὡς
981 2052 1105 2134 ἔτυχεν,

92 2156 176 2220 κατὰ
198 2158 235 2221 τὸ
255 2162 299 2241 Δ,
322 2158 359 2222 τὸ
383 2157 446 2222 ἀπὸ
469 2165 527 2240 τῆς
551 2158 628 2240 ὅλης
653 2163 726 2222 ἴσον
750 2155 819 2222 ἐστὶ
842 2166 940 2245 τῴτε
962 2156 1105 2240 ὑπὸτῆς

93 2264 172 2346 ὅλης
198 2261 254 2327 καὶ
277 2261 432 2349 ἑκατέρου
459 2275 526 2328 τῶν
553 2264 730 2348 τμημάτων
756 2261 975 2350 περιεχομένῳ
1004 2262 1105 2348 ὀρθο-

94 2373 215 2457 γωνίῳ,
231 2370 275 2447 ὡς
290 2367 326 2434 ἐν
339 2378 385 2458 τῷ
397 2367 432 2453 β’
441 2373 633 2455 θεωρήματι
647 2378 707 2435 τοῦ
721 2369 758 2455 β’
767 2373 900 2455 βιβλίου
910 2369 1105 2435 Εὐκλείδου.

163 2495 236 2560 185.
256 2491 323 2558 Καὶ
334 2491 493 2558 συνθέντι
507 2495 572 2579 ἄρα
586 2516 616 2577 p.
631 2492 859 2577 170‚18-19]
875 2492 934 2558 ἐὰν
948 2494 1011 2579 γὰρ
1027 2510 1106 2558 συν-
1124 2502 1159 2552 20

95 2598 284 2686 αμφοτέρου
308 2608 365 2682 της
383 2603 479 2665 ΒΓΔ
501 2601 584 2686 πρὸς
606 2602 667 2684 τὴν
684 2604 747 2665 BA
770 2603 868 2683 λόγος
891 2598 959 2665 ἐστὶ
982 2601 1106 2683 δοθείς,

96 2706 255 2773 συνθέντι
284 2705 538 2792 συναμφοτέρου
566 2708 630 2792 ἄρα
657 2716 715 2790 τῆς
738 2711 766 2771 Β
774 2710 835 2771 ΓΔ
861 2708 941 2792 μετὰ
963 2717 1021 2791 της
1043 2710 1107 2770 BA

96 2816 180 2900 πρὸς
202 2815 263 2897 τὴν
285 2818 349 2878 BA
376 2816 474 2896 λόγος
497 2812 565 2878 ἐστὶ
589 2815 716 2891 δοθείς·
749 2817 999 2899 συναμφότερος
1027 2810 1106 2897 δέη

94 2924 192 2985 ΒΓΑ
214 2920 294 3003 μετὰ
317 2928 375 3004 τῆς
399 2924 460 2984 BA
484 2920 545 2984 δύο
569 2917 655 2984 εἰσὶν
678 2921 714 2984 αι’
735 2922 805 2983 ΓΒ.

97 3203 136 3257 1³1
164 3130 450 3256 Z181‚P1Va.t.v⁶92.
534 3128 701 3193 182,P1v2.
780 3134 839 3184 183.
858 3129 889 3186 P.
968 3134 1106 3184 184.185.

141 3222 186 3257 V.

170 3404 193 3452 2.
219 3397 366 3452 ὑπόκειται
384 3396 436 3466 γάρ
456 3397 493 3452 Ιλ.
585 3404 611 3453 3.
634 3396 696 3467 AB]
721 3401 773 3450 ΑΔ
795 3394 841 3450 Pl.
932 3402 958 3451 4.
982 3393 1095 3450 δέδοται

99 3467 351 3595 δίέέειμταιλλολρ.
427 3474 466 3523 16.
488 3468 565 3539 ἔτυχε
579 3471 600 3522 λ.
675 3475 717 3522 21.
737 3467 826 3538 ΒΓΑ]
846 3471 895 3521 BA
914 3466 993 3520 codd.
1049 3472 1097 3521 BA
