2400 3840
127 177 191 242 246
291 178 420 229 MARINI
438 176 659 228 PHILOSOPHI
678 169 963 226 COMMENTARIUS

126 319 331 405 ειλημμένον.
378 319 460 384 ὥστε
488 319 525 383 τὸ
554 318 723 402 γνώριμον
749 324 817 380 πᾶν
843 311 954 379 οὐκέτι
981 314 1142 396 πόριμον·

126 429 163 493 τὸ
191 424 303 511 μέντοι
326 427 469 512 πόριμον
495 433 563 489 πᾶν
584 420 640 487 ιιαλ
662 423 845 508 γνώριμον·
875 418 928 484 ἐπὶ
949 418 1055 485 πλέον
1078 422 1142 505 ἄρα

127 535 164 599 τὸ
188 535 357 619 γνώριμον
379 539 439 596 τοῦ
462 534 615 615 πορίμον.

194 639 294 705 πάλιν
326 636 358 702 δ’
384 633 427 703 αὖ
457 638 494 702 τὸ
523 636 692 721 γνώριμον
723 631 779 699 καὶ
807 634 844 698 τὸ
872 633 975 717 ῥητὸν
1002 643 1049 718 πῇ
1081 630 1144 717 μὲν

92 761 108 810 5
127 757 291 828 mutantes,
314 754 358 829 πῇ
383 740 420 807 δὲ
442 740 498 808 καὶ
517 740 715 827 διαφέρετον
735 739 888 822 ἀλλήλων
909 739 970 803 τὸν
987 759 1145 824 προειρη-

128 851 229 937 μένον
251 854 384 936 τρόπον.
422 849 459 914 αί
479 849 542 933 γδιρ
566 845 735 933 εἰρημέναι
758 848 874 927 ἄλογοι
896 845 1061 929 γνώριμοι
1083 843 1146 929 μέν

129 961 229 1041 εἰσιν,
257 954 367 1022 οὐκέτι
396 952 433 1020 δὲ
459 952 515 1019 καὶ
538 954 656 1041 ῥηταί·
689 949 768 1017 δδέ
792 951 936 1039 ἀριθμὸς
957 959 1022 1026 πᾶς
1045 951 1146 1035 ῥητὸς

128 1062 189 1148 μέν
217 1064 321 1146 ἐστιν,
349 1060 460 1126 οὐκέτι
488 1057 526 1124 δὲ
552 1058 609 1124 καὶ
632 1060 798 1144 γνώριμος
824 1066 897 1133 πᾶς.
942 1055 999 1121 καὶ
1021 1057 1060 1121 τὸ
1083 1053 1146 1140 μὲν

129 1170 231 1255 ῥητὸν
253 1180 323 1244 τοῖς
344 1168 427 1232 κατὰ
450 1166 573 1231 ταύτὸν
596 1169 676 1241 ἔθος
699 1165 820 1249 δμοίως
843 1165 945 1250 ῥητόν
964 1163 1066 1247 ἐστιν,
1088 1161 1146 1228 καὶ

75 1289 110 1339 10
129 1275 169 1338 οὐ
192 1283 237 1361 τῷ
261 1269 321 1356 μέν
344 1273 447 1358 ῥητὸν
469 1274 560 1336 ἔσται
582 1293 614 1335 τι
637 1279 755 1355 μῆκος,
782 1278 827 1358 τῷ
852 1266 889 1334 δέ
912 1270 966 1334 οῦ·
1000 1268 1055 1334 έπὶ
1078 1270 1144 1354 γὰρ

128 1380 251 1446 ταύτὸν
270 1379 445 1444 ἀνοίσονσι
463 1377 592 1464 μέτρον.
622 1379 792 1463 γνώριμον
809 1374 847 1441 δὲ
860 1385 906 1464 τῷ
920 1372 981 1460 μέν
995 1379 1147 1458 γίγνεται

129 1488 252 1552 ταύτὸν
279 1495 395 1570 μῆκος,
427 1493 473 1572 τῷ
502 1481 539 1549 δέ
567 1485 622 1568 οῦ,
654 1483 716 1548 ιώὶν
744 1483 781 1549 ἐν
808 1493 848 1569 τῇ
871 1482 955 1568 αὐτῇ
978 1486 1147 1570 σννηθείᾳ

129 1589 221 1658 ὦσιν.
280 1598 360 1668 ἴσως
397 1588 434 1655 δέ
465 1589 640 1656 κάνταῦθα
671 1593 815 1674 χαλεπόν
847 1593 882 1654 τί
911 1589 1001 1654 ἐστιν
1032 1589 1147 1675 εὑρεῖν

129 1698 230 1784 ῥητὸν
258 1697 332 1782 μέν,
365 1699 538 1780 ἄγνωστον
565 1696 615 1761 δέ·
649 1699 742 1762 δοκεῖ
767 1697 830 1782 γὰρ
863 1693 919 1760 καὶ
950 1704 1011 1760 τοῦ
1040 1697 1146 1780 ῥητοῦ

81 1819 114 1868 15
134 1803 186 1870 ἐπὶ
209 1804 310 1870 πλέον
333 1799 418 1870 εἶναι
441 1805 478 1869 τὸ
502 1805 680 1891 γνώριμον.

197 1911 248 1976 ὅτι
272 1907 308 1975 δὲ
331 1909 387 1975 καὶ
409 1912 447 1976 τὸ
469 1913 613 1997 πόριμον
635 1908 691 1974 καὶ
711 1910 748 1973 τὸ
767 1911 894 1995 ἄπορον
913 1906 1066 1994 διαφέρει
1083 1919 1146 1974 τοῦ

129 2037 164 2082 τε
187 2016 290 2102 ῥητοῦ
313 2014 369 2081 καὶ
392 2016 528 2100 ἀλόγου,
551 2017 699 2101 φανερὸν
718 2014 753 2079 έιι
771 2015 912 2087 τούτων·
936 2016 1062 2101 πόριμα
1080 2017 1145 2102 γδιρ

129 2117 215 2186 εἶναι
244 2124 390 2188 δυνατὸν
416 2121 472 2188 ναὶ
499 2133 567 2188 τών
595 2122 726 2204 ἀλόγων
752 2121 841 2205 τινά,
874 2117 975 2185 οὐδέν
1007 2109 1046 2185 δέ
1076 2133 1146 2186 τών

129 2227 239 2312 ῥητῶν
258 2229 390 2310 όλογον.
426 2228 447 2311 ἡ
466 2225 504 2293 δὲ
522 2227 698 2311 συγγένεια
715 2228 844 2292 τούτων
862 2227 974 2292 αὐτῶν
987 2227 1145 2314 καθάπερ

76 2347 111 2396 20
129 2331 184 2397 καὶ
215 2344 283 2397 τών
310 2336 422 2399 ἄλλων
453 2333 553 2400 παντὶ
585 2335 790 2419 καταφανής·
824 2333 910 2399 οὕτω
943 2331 1057 2418 μέντοι
1088 2332 1146 2399 καὶ

128 2447 231 2502 ταῦτα
255 2441 319 2521 ἔχει
341 2440 425 2525 πρὸς
448 2442 587 2524 ἄλληλα,
618 2442 701 2506 ώστε
730 2441 767 2505 τὸ
795 2443 938 2525 πόριμον
966 2438 1019 2504 ἐπὶ
1041 2439 1146 2505 πλέον

129 2537 214 2606 εἶναι
238 2543 350 2607 δοκεῖν
372 2552 432 2608 τοῦ
456 2545 568 2629 ῥητοῦ.

195 2646 299 2724 ἔξεστι
321 2646 359 2713 δὲ
381 2660 449 2715 τών
471 2650 721 2738 προειρημένων
743 2654 806 2736 την
824 2653 994 2736 διαφορὰν
1012 2650 1146 2717 έπισιιο-

128 2765 203 2818 πεῖν
226 2752 281 2819 καὶ
304 2757 390 2841 τῇδε.
436 2757 538 2842 ῥητὸν
565 2754 712 2843 μὲνγὰρ
740 2755 796 2822 καὶ
824 2760 947 2840 ἄλογον
974 2758 1057 2822 κατὰ
1082 2760 1147 2843 τὴν

76 2874 110 2923 25
130 2859 182 2925 ἐπὶ
204 2863 241 2926 τὸ
265 2860 385 2949 μέτρον
409 2861 584 2950 ἀναφορὰν
606 2863 748 2948 λέγεται,
777 2864 817 2929 οὐ
840 2865 923 2951 πρὸς
945 2864 1007 2947 τὴν
1031 2862 1146 2947 ἡμετέ-

128 2991 192 3051 ραν
214 2978 340 3050 γνώσιν
363 2969 644 3054 ώναπεμτιόμενον.
682 2971 821 3035 δύναται
845 2970 908 3054 γάρ
927 2992 959 3033 τι
978 2969 1081 3055 ῥητὸν
1104 2970 1146 3036 δν

128 3075 172 3157 μη
196 3069 280 3138 εἶναι
304 3075 384 3159 ἡμῖν
406 3077 586 3162 γνώριμον,
610 3076 698 3152 ὅπως
721 3076 823 3161 ῥητόν
841 3075 942 3160 ἐστιν,
964 3073 1049 3160 μηδὲ
1067 3099 1146 3142 ιιατ-

128 3184 292 3264 ειλῆφδαί
311 3202 378 3263 πω,
401 3181 452 3245 ὅτι
475 3181 578 3267 ῥητόν
601 3181 699 3247 ἐστιν.
745 3184 782 3247 τὸ
806 3179 843 3246 δέ
865 3180 1066 3266 τεταγμένον
1088 3182 1146 3248 καὶ

200 3377 224 3426 4.
243 3371 274 3426 τὸ
294 3369 390 3443 ῥητόν]
410 3371 441 3426 ιδ
459 3372 581 3442 πόριμον
599 3372 697 3428 καὶτὸ
717 3369 808 3443 ῥηθέν
826 3373 890 3428 Vat.
965 3378 989 3428 5.
1010 3371 1146 3445 διαφέρε-

63 3438 190 3616 *mg
209 3440 389 3549 διαφέρειτον
407 3443 446 3525 Ρς,
463 3441 592 3514 διαφέρει
610 3444 675 3499 Vat.
731 3448 755 3499 9,
775 3443 848 3532 κατὰ
866 3444 981 3510 τοῦτόν]
1001 3445 1146 3535 καταντόη

126 3510 172 3567 Va
186 3529 229 3582 .v‚
253 3530 283 3566 m
301 3515 366 3569 Vat.
385 3533 420 3567 τα
438 3516 534 3569 msert.
553 3533 589 3569 m.
610 3522 634 3571 2.
708 3519 750 3571 10.
769 3535 807 3589 τῳ
822 3517 895 3588 (pr.)]
917 3515 948 3570 τό
967 3516 1031 3571 Vat.
1107 3537 1146 3591 τῳ
