2400 3840
125 162 168 224 62
531 162 735 214 ΔΕΔΟΜΕΝΑ.

126 311 191 369 ΑΛ
209 303 400 389 δεδομένον,
425 305 481 368 διὰ
500 301 536 369 δὲ
555 314 615 369 τοῦ
634 309 666 368 Ε
681 314 722 390 νή
735 307 804 369 ΒΓ
817 304 1030 389 παράλληλος
1047 305 1140 388 ήχθω

125 410 145 491 ἡ
172 414 252 474 ΖΚ.Ι
291 409 386 494 λέγω,
410 411 460 476 ὅτι
484 408 577 475 θέσει
601 408 691 475 έσνὶν
713 409 734 492 ή
760 413 833 474 ΖΚ.

191 518 286 600 ήχθω
309 519 373 602 γὰρ
397 517 460 582 ἀπὸ
484 525 544 580 τοῦ
568 522 600 580 Α
623 515 676 581 ἐπὶ
699 518 761 600 τήν
783 519 852 581 ΒΓ
869 516 1011 592 κάθετος
1035 517 1056 600 ή
1076 521 1142 580 ΑΘ

124 621 178 686 καὶ
212 624 342 706 διήχθω
371 620 423 686 ἐπὶ
450 623 487 686 τὸ
511 626 554 685 Η.
602 619 671 686 έιιεὶ
699 621 762 686 ἀπὸ
791 621 974 706 δεδομένου
1004 625 1142 706 σημείου

89 738 183 793 ὀιοῦ
207 736 239 793 Α
267 727 319 794 έπῖ
352 727 445 793 θέσει
473 727 655 811 δεδομένην
682 728 821 793 εὐθεῖαν
847 729 909 811 τήν
932 730 1002 791 ΒΓ
1025 728 1142 792 εὐθεῖα

124 836 255 921 γραμμή
283 829 378 916 ἦκται
405 833 425 916 ἡ
450 838 518 898 ΑΘ
545 832 728 916 δεδομένην
754 842 897 898 ποιοῦσα
924 835 1053 915 γωνίαν
1081 836 1142 918 τήν

122 941 188 1005 ὑπὸ
212 943 326 1023 ΑΘΓ,
358 939 452 1004 θέσει
480 942 544 1025 ἄρα
577 936 667 1004 ἐστὶν
694 937 714 1020 ἡ
745 943 857 1017 &Aa
898 937 992 1004 θέσει
1021 936 1059 1003 δὲ
1087 938 1142 1004 καὶ

123 1047 143 1129 ή
171 1050 251 1110 ΒΓ·
289 1042 392 1110 δοθέν
420 1047 484 1130 ὐίρα
512 1042 581 1109 έσιὶ
608 1046 645 1109 τὸ
671 1049 700 1108 (δ
727 1057 872 1129 σημεῖον.
923 1048 992 1110 ἔστι
1020 1041 1058 1109 δὲ
1086 1042 1142 1110 καὶ

122 1154 160 1215 τὸ
175 1157 207 1215 Α
225 1150 342 1215 δοθέν·
367 1151 506 1215 δοθεῖσα
529 1152 593 1236 ἄρα
617 1148 707 1214 ἐστὶν
726 1151 747 1233 ή
766 1155 841 1214 ΑΘ.
878 1148 933 1216 καὶ
952 1150 1023 1216 εἰιεὶ
1042 1155 1142 1234 λόγος

71 1266 104 1313 10
124 1256 192 1322 ἐστὶ
215 1266 273 1340 ιής
290 1263 356 1321 ΛΑ
378 1258 461 1341 πρὸς
483 1259 545 1340 τήν
564 1261 632 1320 ΑΕ
653 1257 778 1339 δοθείς,
802 1257 847 1332 ὡς
870 1253 906 1322 δέ
927 1258 1034 1341 ήΔΑ
1057 1261 1141 1346 πρὸς

122 1366 183 1447 τήν
206 1369 283 1446 ΑΕ,
320 1364 426 1439 οὐτως
448 1364 469 1446 ή
495 1368 556 1427 ΘΑ
578 1364 661 1448 πρὸς
683 1366 745 1447 τήν
768 1367 851 1446 ΑΗ,
874 1367 972 1446 λόγος
995 1366 1061 1450 ἄρα
1084 1363 1140 1429 καὶ

24 1534 35 1540 ,
122 1479 180 1553 ιής
209 1474 271 1533 ΘΑ
297 1470 380 1554 πρὸς
407 1470 468 1552 τήν
495 1473 573 1533 ΑΗ
596 1470 719 1546 δοθείς.
774 1470 915 1534 δοθεῖσα
946 1467 984 1534 δὲ
1011 1471 1032 1555 ή
1064 1475 1139 1536 ΘΑ·

122 1577 261 1640 δοθεῖσα
285 1578 348 1661 ἄρα
374 1574 430 1639 καὶ
453 1576 473 1659 ἡ
493 1581 525 1638 Α
531 1579 574 1638 Η.
612 1572 773 1640 ἀλλὰκαὶ
796 1575 957 1660 τήθέσει.
992 1580 1053 1641 ιιαί
1069 1577 1139 1642 έσιι

122 1679 226 1747 δοθὲν
258 1684 295 1746 τὸ
325 1688 369 1746 Α·
408 1678 512 1746 δοθέν
544 1683 608 1767 ἄρα
639 1680 694 1746 καὶ
722 1683 759 1746 τὸ
788 1686 832 1746 Η.
888 1680 958 1746 έπεὶ
990 1678 1054 1748 οὐν
1082 1685 1139 1748 διδι

69 1795 102 1842 15
122 1787 303 1872 δεδομένου
331 1791 467 1871 σημείου
495 1796 554 1852 τοῦ
578 1791 618 1850 Η
640 1789 729 1874 ιιαρδι
756 1786 850 1853 θέσει
878 1786 1062 1872 δεδομένην
1086 1791 1138 1855 εὐ-

120 1901 220 1959 θείαν
247 1897 309 1978 νήν
331 1897 399 1959 ΒΓ
422 1894 538 1958 εὐθεῖα
565 1896 696 1977 γραμμή
725 1889 821 1977 ἦκται
848 1895 869 1979 ή
893 1897 1013 1979 ΖΗΚ,
1045 1893 1139 1960 θέσει

122 2003 185 2085 ἄρα
204 1998 294 2066 ἐστὶν
313 1999 333 2083 ἡ
354 2004 468 2065 ΖΗΚ.

600 2095 657 2175 λζ.

185 2211 261 2275 Ἐὰν
289 2214 335 2286 εἰς
362 2190 593 2297 παραλλήλους
619 2222 659 2297 τῇ
684 2209 777 2276 θέσει
801 2211 980 2296 δεδομένας
1003 2213 1138 2291 εὐθείας

68 2323 101 2370 20
121 2318 236 2382 εὐθεῖα
259 2320 391 2402 γραμμή
415 2317 503 2401 ἀχθῇ
531 2316 586 2382 καὶ
609 2324 720 2403 τμηθῇ
749 2320 796 2394 είς
819 2317 1000 2402 δεδομένον
1023 2322 1136 2403 λόγον,

121 2423 176 2486 διὰ
196 2421 233 2487 δὲ
251 2433 308 2505 τῆς
326 2432 427 2507 τομής
447 2425 536 2508 παρὰ
555 2425 613 2499 τὰς
631 2433 671 2508 τῇ
689 2423 783 2489 θέσει
802 2423 981 2509 δεδομένας
999 2425 1135 2502 εὐθείας

120 2529 236 2592 εὐθεῖα
258 2531 390 2613 γραμμή
414 2528 518 2614 ἀχθῇ,
542 2527 675 2594 δέδοται
698 2529 718 2613 ἡ
741 2529 882 2614 ἀχθεῖσα
905 2539 946 2617 τῇ
969 2529 1073 2596 θέσει.

186 2636 233 2711 εἰς
259 2635 322 2721 γὰρ
350 2637 582 2720 παραλλήλους
608 2645 649 2722 ιη’
675 2633 769 2701 θέσει
797 2634 977 2721 δεδομένας
1000 2638 1136 2715 εὐθείας

118 2743 176 2816 τὰς
194 2745 270 2824 ΑΒ,
287 2744 347 2805 ΓΛ
366 2741 481 2806 εὐθεῖα
500 2743 631 2828 γραμμή
650 2744 745 2826 ήχθω
764 2741 786 2825 ἡ
804 2748 869 2807 ΕΖ
887 2742 941 2807 καὶ
959 2745 1135 2828 τετμήσθω

65 2854 99 2901 25
119 2848 166 2922 είς
190 2845 369 2931 δεδομένον
392 2850 494 2929 λόγον
515 2848 575 2912 τὸν
597 2857 656 2930 τῆς
680 2851 752 2911 ΖΗ
774 2849 859 2934 πρὸς
880 2849 942 2931 τήν
964 2852 1048 2932 ΗΕ,
1076 2848 1135 2915 καὶ

119 2954 248 3037 διήχθω
272 2954 329 3018 διὰ
351 2963 411 3019 τοῦ
432 2959 472 3018 Η
491 2953 632 3041 ὁποτέρᾳ
653 2963 721 3018 τῶν
745 2958 820 3037 ΑΒ,
840 2957 902 3019 ΓΔ
922 2954 1136 3039 παράλληλος

118 3058 139 3141 ή
164 3062 238 3123 ΘΚ.
284 3058 380 3143 λέγω,
404 3061 454 3126 ὅτι
477 3059 570 3124 θέσει
594 3057 684 3124 έστὶν
707 3059 728 3142 ή
754 3062 828 3124 ΘΚ.

190 3216 408 3287 1.ΑΔ]ΑΕω,
469 3214 972 3288 7.ὐραέσιὶνήΘΑΗ]ἡΑΗει.
1033 3220 1057 3270 8.
1080 3216 1136 3272 ἔστι

119 3316 149 3323 -
169 3288 274 3357 ΗΘ]
294 3303 346 3340 om.
367 3303 392 3340 a.
453 3291 476 3338 9.
496 3287 562 3356 ΑΘ]
582 3291 631 3340 ΑΔ
648 3287 714 3340 Vat.
775 3294 815 3340 15.
836 3288 904 3342 Post
924 3291 954 3340 H
970 3286 1036 3341 add.
1055 3288 1136 3357 παρὰ

118 3354 271 3425 δεδομένου
291 3355 404 3427 σημείου
423 3365 472 3410 τοῦ
493 3361 522 3410 Η
539 3373 564 3409 a.
646 3363 687 3410 17.
710 3359 811 3429 ZHK]
834 3363 892 3413 ΖΗ
908 3376 933 3412 ε..
1017 3363 1059 3412 18.
1079 3360 1133 3430 λζ’]

117 3427 162 3494 λη’
182 3429 207 3496 β.
299 3433 341 3481 25.
361 3425 421 3498 καί]
441 3445 493 3481 om.
513 3428 587 3495 Vat„
612 3427 663 3481 ins.
683 3446 719 3481 m.
739 3435 764 3482 2.
855 3429 1134 3500 26.H]H.1‘1Vat.

152 3496 339 3568 παράλληλος]
358 3515 446 3567 comp.
466 3498 540 3565 Vat„
559 3497 717 3568 παρύῖῖηῖ-
735 3498 765 3552 in
783 3518 837 3554 τωο.
857 3519 893 3555 m.
913 3506 930 3554 2
947 3517 975 3555 v.
