2400 3840
131 120 193 184 178
530 119 732 178 Δεεοειιιαε.

128 267 165 331 τὸ
189 268 305 330 ΔΑΓ·
338 263 430 329 θέσει
459 264 523 350 ἄρα
551 261 619 328 ἐστὶ
646 263 683 327 τὸ
706 265 823 326 ΔΑΓ·
855 260 948 326 θέσει
977 256 1013 324 δὲ
1041 258 1097 323 καὶ
1122 259 1140 325 ὁ

129 376 194 436 AB
222 373 354 447 κύκλος·
388 369 491 435 δοθέν
515 368 651 435 έστιν”
631 394 695 455 αρα
717 370 754 434 τὸ
779 375 820 433 A.
866 367 949 432 ἀλλὰ
972 365 1087 431 καὶτὸ
1114 369 1147 430 Γ

130 477 234 543 δοθέν
257 477 359 542 ἐστιν·
394 477 581 541 δοθεισα”
560 501 624 562 αρα
648 474 777 541 ἐσελν“
760 500 780 558 η
805 479 875 540 ΑΓ
897 484 936 560 τῇ
964 472 1057 538 θέσει
1085 472 1142 537 καὶ

129 594 174 673 τῷ
199 583 341 668 μεγέθει.

94 703 109 751 5
604 687 667 770 (μ’.

194 795 270 862 Ἐὰν
293 797 417 861 κύκλου
441 794 620 879 δεδομένου
644 805 683 880 ιη
701 794 791 860 θέσει
818 800 934 879 ληφθῇ
953 817 986 857 τι
1005 804 1143 876 σημεῖον

132 902 224 980 ἐκτὸς
242 902 356 987 δοθέν,
375 902 438 968 ἀπὸ
458 899 495 966 δὲ
512 911 572 966 τοῦ
592 905 727 986 σημείου
747 903 793 978 είς
806 903 866 966 τὸν
879 901 1003 965 κύκλον
1017 900 1143 984 διαχθῇ

131 1033 180 1086 τις
203 1010 332 1094 εὐθεῖα,
361 1010 398 1074 τὸ
421 1009 486 1073 ὑπὸ
515 1018 574 1092 τῆς
595 1007 752 1091 ἀχθείσης
780 1005 835 1072 καὶ
858 1016 915 1091 της
938 1003 1057 1089 μεταξύ
1081 1015 1142 1069 τοῦ

132 1119 268 1199 σημείου
285 1114 341 1180 καὶ
354 1125 412 1199 τῆς
425 1124 548 1200 κυρτῆς
565 1119 775 1200 περιφερείας
793 1114 1025 1199 περιεχόμενον
1039 1110 1141 1196 ὀρθο-

80 1235 113 1282 10
131 1223 255 1303 γώνιον
278 1220 382 1286 δοθέν
405 1221 503 1286 ἐστιν.

196 1328 320 1392 κύκλου
339 1328 401 1413 γὰρ
421 1325 601 1411 δεδομένου
620 1337 659 1413 τῇ
678 1325 771 1393 θέσει
789 1337 850 1392 τοῦ
865 1329 970 1392 ΑΒΓ
987 1325 1140 1407 είλήφθω

44 1423 51 1439 ’
133 1458 164 1498 τι
188 1445 324 1517 σημεῖον
347 1433 438 1509 ἐκτὸς
461 1435 498 1498 τὸ
517 1440 559 1518 A,
583 1433 646 1498 ἀπὸ
665 1431 703 1498 δὲ
720 1443 780 1498 τοῦ
798 1440 832 1498 A
855 1439 991 1519 σημείου
1010 1440 1140 1522 διηχθω

133 1564 183 1617 τις
210 1541 326 1606 εὐθεῖα
353 1539 373 1623 ἡ
400 1544 466 1604 AB
500 1537 663 1624 τέμνουσα
694 1542 753 1605 τὸν
784 1543 920 1607 κύκλον·
958 1543 1056 1628 λέγω,
1091 1546 1142 1611 ὅτι

39 1670 41 1674 ’
134 1645 238 1711 δοθέν
261 1646 329 1712 ἐστι
351 1648 388 1712 τὸ
411 1646 476 1711 ὑπὸ
499 1655 568 1711 τῶν
586 1650 658 1730 BA,
676 1651 750 1712 AF.

82 1766 114 1813 1ο
199 1755 293 1837 ἤχθω
322 1753 385 1818 ἀπὸ
413 1762 473 1818 τοῦ
496 1759 530 1817 A
556 1757 692 1837 σημείου
720 1762 779 1819 τοῦ
804 1759 909 1820 ΑΒΓ
930 1758 1053 1822 κύκλου
1084 1757 1142 1842 ἐφ-

133 1858 297 1944 απτομένη
320 1860 435 1924 εύθεῖα
458 1860 479 1944 ἡ
502 1865 578 1923 AA·
605 1860 744 1925 δοθεῖσα
767 1861 831 1946 ἄρα
855 1861 945 1927 ἐστὶν
966 1862 987 1946 ἡ
1011 1870 1076 1928 AA
1100 1873 1139 1949 τῇ

131 1967 225 2032 θέσει
248 1965 370 2054 καὶτῷ
394 1965 535 2050 μεγέθει.
573 1965 642 2032 ἐπεὶ
665 1963 726 2031 οὖν
750 1968 889 2032 δοθεῖσοί
913 1969 1004 2062 ἐστιν
1025 1970 1046 2054 ἡ
1066 1976 1141 2054 AA,

133 2070 237 2139 δοθὲν
265 2075 329 2159 ἄρα
356 2071 425 2137 ἐστὶ
453 2071 567 2137 καὶτὸ
591 2072 654 2137 ἀπὸ
678 2082 736 2156 τῆς
758 2079 831 2138 AA.
873 2079 931 2139 καί
952 2074 1043 2140 ε’στιν
1066 2083 1141 2142 ίσον

133 2189 178 2268 τῷ
206 2179 271 2244 ὑπὸ
298 2191 366 2244 τῶν
388 2182 502 2243 ΒΔΓ·
535 2175 638 2244 δοθὲν
661 2181 724 2265 ίίρα
753 2178 822 2244 ἐστὶ
848 2179 903 2245 καὶ
926 2183 963 2247 τὸ
985 2182 1051 2248 ὑπὸ
1074 2195 1142 2249 τῶν

81 2296 115 2344 ιο
133 2289 238 2350 ΒΔΓ.

198 2494 274 2560 Ἐδιν
297 2498 421 2560 κύκλου
445 2389 751 2583 δεδομένοδβύῇ’
705 2497 798 2563 θέσει
822 2504 936 2584 ληφθη
955 2522 987 2564 τι
1007 2513 1143 2584 σημεῖον

136 2602 230 2678 ἐντὸς
257 2601 376 2686 δοθέν,
409 2603 464 2666 διὰ
492 2599 528 2667 δὲ
556 2612 616 2669 τοῦ
643 2607 779 2688 σημείου
808 2606 932 2692 διαχθη
955 2629 1005 2682 τις
1028 2607 1144 2672 εύθεια

135 2711 182 2785 είς
209 2710 268 2773 τὸν
294 2710 434 2792 κύκλον,
466 2710 504 2774 τὸ
527 2709 592 2775 ὑπὸ
616 2721 683 2775 τῶν
705 2720 763 2795 τῆς
786 2710 944 2796 ἀχθείσης
965 2712 1144 2797 τμημάτων

82 2824 115 2874 25
134 2819 366 2902 περιεχόμενον
388 2816 601 2902 ὀρθογώνιον
624 2815 727 2882 δοθέν
750 2817 847 2882 ἐστιν.

206 2979 228 3026 1.
254 2974 428 3064 AAP(pr.)]
452 2977 573 3028 ΔΓΛε.
663 2970 794 3028 θέσει-
813 2975 910 3063 ΔΛΓ]
931 2991 984 3028 om.
1004 2992 1028 3029 a
1117 2982 1142 3030 2.

134 3044 190 3113 ἄρα
211 3043 328 3099 ἕστίνο..
396 3040 461 3116 καί]
482 3061 534 3100 om.
550 3061 575 3100 a..
648 3050 672 3099 3
693 3042 871 3185 δμθέυχιχ
815 3043 916 3101 δοθέν·
937 3043 1027 3100 δοθὲν
1042 3046 1076 3114 ἄρ
1079 3067 1097 3100 α
1116 3063 1142 3101 a.

170 3115 237 3187 ἄρα]
259 3116 360 3170 0me
445 3122 469 3170 5.
490 3116 622 3187 quw?
642 3116 706 3171 vat
740 3117 776 3170 ed
810 3117 871 3187 ,ἲη
892 3119 960 3187 βαι).
1049 3067 1076 3172 7<J
1093 3115 1141 3189 δέ]

136 3203 187 3240 om.
208 3189 232 3258 β.
315 3192 339 3241 8.
359 3195 408 3242 τοῦ
426 3189 498 3258 τεβ.
584 3193 625 3242 10.
646 3186 764 3242 ἔσται.
851 3193 892 3242 11.
912 3197 945 3260 τῇ
944 3120 1044 3242 >θέσει
1063 3190 1144 3243 δεδο-

135 3255 220 3325 μένου
240 3275 265 3314 ει,
337 3262 420 3311 ΑΒΓ
454 3263 550 3313 Asa.
624 3264 664 3312 13.
685 3264 737 3312 AB
771 3264 818 3313 BA
836 3276 885 3313 va.
959 3265 1000 3315 14
1020 3260 1144 3330 ὑπὸτῆς

73 3327 79 3342 '
136 3334 184 3383 BA
191 3333 256 3383 Pa
343 3334 384 3383 16.
404 3335 430 3383 A
464 3333 528 3384 Pa..
610 3335 651 3384 16
672 3331 771 3384 εὐθεῖα
789 3329 944 3399 γραμμήν.
1023 3332 1143 3385 δοθεῖσα

136 3431 167 3439 -
177 3401 247 3471 AA]
268 3396 381 3455 δέδοται
400 3399 500 3468 ύραο
562 3406 602 3455 18.
621 3401 682 3472 AA]
701 3407 749 3455 AA
767 3401 832 3455 Vat.
894 3406 934 3455 19.
953 3403 1142 3470 matrum-

135 3471 211 3540 que)]
232 3479 323 3539 τηςε.
414 3477 455 3525 20.
482 3471 542 3539 Seq.
563 3472 711 3526 demonstr.
732 3473 840 3541 a1t4u.
861 3489 925 3542 app.
1016 3478 1059 3529 21
1079 3473 1142 3545 σθ’]
