2400 3840
120 147 184 210 152
523 148 727 201 ΔΕΔΟΜΕΝΔ.

119 293 217 372 λόγος
240 291 304 375 άρα
327 287 383 354 καῖ
406 298 463 373 τῆς
486 293 552 353 ΕΘ
573 290 657 375 πρὸς
680 291 741 373 την
765 294 825 354 ΖΛ
849 291 972 366 θοθεῖς.
1014 300 1072 374 της
1096 290 1135 357 δὲ

119 400 185 460 ΕΘ
215 397 299 481 πρὸς
326 397 387 479 την
415 399 479 460 ΓΕ
509 398 607 477 λόγος
635 394 703 460 ἐστὶ
731 397 859 472 θοθεῖς·
896 393 952 461 καῖ
984 406 1042 480 της
1070 402 1137 463 ΓΕ

120 504 184 586 άρα
211 503 294 587 πρὸς
323 502 384 585 τὴν
409 506 469 565 ΖΛ
496 504 594 584 λόγος
622 499 690 566 ἔστῖ
714 502 837 578 δοθείς.
884 508 938 585 ἴση
963 500 999 567 δέ
1022 502 1042 585 ἡ
1068 508 1135 588 ΛΖ

120 618 159 693 τῇ
190 613 264 671 ΖΒ·
304 607 525 693 [τετράγωνον
557 608 634 693 γάρ·
668 616 726 690 της
754 612 820 672 ΛΖ
858 609 922 694 άρα
953 610 1038 695 πρὸς
1065 614 1136 675 ΕΔ

84 726 100 774 5
120 717 218 796 λόγος
242 715 368 789 θοθεῖς·
397 714 566 796 σύγκειται
588 713 680 799 γάρ’]
717 711 772 778 καὶ
795 722 853 797 τῆς
877 718 942 779 ΓΕ
963 716 1027 801 άρα
1050 718 1135 802 πρὸς

119 822 181 907 τὴν
203 825 267 884 ΕΔ
295 822 394 902 λόγος
421 818 489 884 ἐστὶ
517 821 641 896 δοθείς.
687 822 745 884 καί
767 818 857 885 ἔστιν
884 820 972 906 ὀρθη
1001 822 1021 905 η
1050 823 1136 908 πρὸς

122 935 167 1014 τῷ
192 930 224 990 Ε
244 929 362 1007 γωνία·
386 924 519 990 δέδοται
542 927 607 1010 άρα
630 927 667 991 τὸ
692 929 753 990 ΓΛ
775 935 821 1014 τῷ
846 927 937 991 εἴδει.

593 1119 661 1184 σθ’.

186 1242 262 1308 Ἐάν
295 1245 356 1308 δύο
389 1247 535 1329 τρίγωνα
566 1247 647 1327 μίαν
675 1248 801 1325 γωνίαν
833 1253 893 1330 μιᾷ
921 1247 1026 1330 γωνία
1059 1250 1138 1328 ἴσην

68 1362 102 1410 10
122 1353 189 1435 ἔχη,
211 1348 266 1414 καὶ
289 1348 353 1414 άπὸ
377 1360 444 1413 τών
464 1355 547 1414 ἴσων
565 1361 698 1431 γωνιῶν
721 1348 773 1413 ἔκῖ
792 1351 850 1426 τάς
869 1350 980 1434 βάσεις
998 1351 1138 1416 κάθετοι

122 1457 252 1521 εὐθεῖαι
271 1453 418 1541 γραμμαὶ
436 1454 598 1539 ἀχθῶσιν,
621 1450 642 1542 ᾗ
662 1454 709 1539 δέ,
733 1456 778 1532 ώς
796 1457 816 1540 ἡ
835 1465 894 1521 τοῦ
913 1458 1047 1543 πρώτον
1066 1480 1138 1543 τρι-

122 1563 233 1645 γώνον
257 1562 354 1645 βάσις
379 1563 463 1648 πρὸς
485 1563 547 1645 την
569 1562 728 1646 κάθετον,
761 1562 868 1639 οὕτως
893 1562 913 1645 η
937 1571 997 1627 τοῦ
1021 1561 1138 1649 ἑτέρον

122 1669 287 1754 τριγώνου
310 1667 407 1751 βάσις
429 1669 512 1754 πρὸς
535 1669 596 1751 τὴν
618 1668 774 1750 κάθετον,
799 1669 959 1750 ἰσογώνια
982 1671 1074 1734 ἔσται
1097 1671 1139 1734 τά

123 1776 278 1860 τρίγωνα.

69 1891 102 1938 15
189 1884 271 1945 ἔστω
304 1881 365 1945 δύο
398 1885 544 1966 τρίγωνα
571 1881 611 1944 τὰ
638 1883 753 1963 ΑΒΓ,
779 1885 886 1944 ΘΖΗ
914 1887 987 1956 ἴσας
1019 1883 1138 1964 ἔχοντα

121 1990 245 2069 γωνίας
263 1987 321 2061 τὰς
339 1987 422 2072 κρὸς
440 1998 510 2063 τοϊς
525 1992 562 2070 Ζ,
577 1991 616 2068 Β,
635 1983 868 2069 καῖἥχθωσαν
889 1985 952 2051 άκὸ
971 1997 1039 2051 τῶν
1055 1992 1092 2069 Ζ,
1106 1991 1137 2050 Β

121 2093 257 2158 κάθετοι
276 2094 313 2157 αἴ
329 2097 403 2176 ΒΔ,
419 2096 499 2157 ΖΚ·
523 2095 605 2158 ἔστω
625 2090 671 2176 δέ,
691 2092 735 2168 ώς
753 2091 773 2174 η
792 2099 825 2157 Α
832 2095 864 2156 Γ
880 2094 964 2179 πρὸς
982 2093 1043 2175 την
1063 2096 1139 2175 ΒΔ,

122 2199 228 2275 οὕτως
250 2198 271 2282 ἡ
292 2203 366 2264 ΘΗ
383 2200 466 2284 πρὸς
488 2199 550 2282 τὴν
568 2201 648 2262 ΚΖ·
674 2196 769 2281 λέγω,
793 2198 844 2267 ὅτι
870 2198 1048 2280 ἰσογώνιόν
1068 2196 1139 2262 ε’στι

122 2306 159 2370 τὸ
182 2309 290 2370 ΑΒΓ
306 2308 472 2390 τρίγωνον
493 2313 540 2392 τῷ
566 2308 674 2369 ΘΖΗ
692 2305 854 2391 τριγώνω.
1051 2321 1058 2332 ·

68 2422 102 2470 2ο
188 2410 446 2496 περιγεγράφθω
465 2410 529 2494 γάρ
548 2407 624 2495 περὶ
642 2411 679 2474 τὸ
697 2413 804 2474 ΘΖΗ
819 2411 985 2495 τρίγωνον
1003 2410 1136 2494 κύκλος,

123 2512 163 2581 οὗ
186 2525 295 2599 τμῆμα
319 2518 401 2580 ἔστω
424 2517 462 2580 τὸ
484 2519 596 2599 ΘΖΗ,
618 2513 675 2580 καῖ
698 2516 887 2581 συνεστάτω
906 2516 990 2600 πρὸς
1007 2526 1047 2602 τῇ
1067 2521 1143 2580 ΘΗ

123 2620 239 2707 εὐθείᾳ
271 2620 326 2686 καῖ
353 2631 399 2710 τῷ
426 2622 510 2707 πρὸς
537 2623 620 2708 αὐτῇ
644 2625 766 2709 σημείῳ
790 2630 836 2709 τῷ
862 2625 891 2685 Θ
917 2631 957 2707 τη
980 2621 1045 2686 ὑπὸ
1069 2633 1139 2687 τῶν

194 2854 217 2902 2.
239 2849 414 2973 ΕΘρΕΔο
472 2848 721 2920 smprbb.
782 2853 806 2902 3
829 2849 887 2919 ZA]
908 2847 1032 2902 ΕΔΘΙ).
1090 2846 1136 2918 ἴση

123 2925 199 2974 -3
220 2921 292 2974 θοθε
306 2921 331 2991 ς]
350 2936 403 2973 om.
423 2918 450 2974 b
537 2925 562 2973 3.
581 2920 647 2990 ΛΖ]
669 2923 715 2973 ΖΛ
733 2919 798 2973 Vab
804 2937 830 2973 v
915 2925 940 2973 4
959 2915 1139 2988 τετράγωνον

123 2995 195 3045 -5,
216 2989 281 3062 γάρ]
302 2990 389 3044 deleo.
477 2994 501 3043 ὁ.
527 2989 583 3044 ἐστὶ
601 2986 700 3051 θοθεῖς
721 2989 817 3044 λίαώητ
909 2989 1052 3059 σύγκειται
1088 2990 1124 3058 άρ

122 3061 269 3116 ὑπόκειται
287 3059 340 3131 γάρ
359 3060 470 3130 Hardy3
489 3060 543 3115 del.
560 3059 711 3130 Gregorius
729 3063 759 3114 et
776 3059 943 3130 Peyrardus.
1016 3065 1040 3115 9
1073 3078 1126 3130 οην

122 3130 1137 3257 νοτεοκῖσονιιι2τ.10,8ἔέη]οοπ.χεκῖειιη2ν,οιο.1).

158 3210 199 3257 11.
221 3205 345 3274 εὐθεῖαι]
365 3219 417 3257 om.
436 3202 464 3255 b.
536 3201 603 3273 ἡ]ιι
625 3186 643 3254 ἆ
670 3219 699 3254 m
727 3207 788 3255 2v
871 3207 903 3255 12
931 3199 1020 3262 οντως
1094 3207 1128 3254 13

121 3273 260 3356 κάθετον]
278 3293 334 3344 mg
354 3291 408 3328 om
427 3274 534 3327 aecenb
553 3272 674 3327 m.1P.
767 3277 809 3326 12.
829 3271 965 3334 οώτως-
981 3277 1022 3325 13.
1044 3270 1138 3344 βάσις]

120 3347 153 3399 οὐ
173 3344 285 3416 (siem)
303 3344 383 3416 βάσει
401 3353 450 3399 τον
470 3339 647 3411 θεοτέρονο.
726 3348 766 3397 15.
789 3345 891 3415 ΘΖΗ]
914 3342 1011 3398 ΖΘΙ)
1087 3349 1129 3398 17.

120 3416 169 3486 ὡς]
189 3433 242 3470 om.
262 3367 289 3470 b.
381 3420 423 3469 20
450 3410 824 3537 ΘΖΗτρῖγωνονηΙΘΖλ).
917 3419 958 3467 21.
980 3408 1138 3467 οὗτόΡτ·

157 3491 199 3539 22
218 3485 285 3556 τῶν]
304 3486 398 3556 mgb,
419 3488 447 3540 eb
466 3484 506 3538 sic
524 3499 575 3553 per
592 3486 683 3539 totam
721 3501 774 3538 ano
792 3501 871 3554 prop.
