2400 3840
129 161 194 224 252
293 164 424 216 MARINI
441 163 663 215 Pmosopm
681 163 969 216 commNTARms

128 302 317 389 δεδομένον.
355 305 373 371 6
397 302 434 370 δὲ
457 307 495 371 τὸ
518 307 687 391 γνώριμον
711 306 778 389 ἅμα
798 303 853 369 καὶ
871 304 1075 390 τεταγμένον
1094 307 1148 371 διὰ

128 412 166 476 τὸ
189 411 410 497 ὑπερβάλλειν
432 412 470 476 τὸ
494 415 712 498 προκείμενον
736 411 797 495 οὑχ
819 411 917 495 ὑγιὴς
938 414 1046 477 ἔσται·
1071 409 1148 477 οὐδὲ

130 518 193 603 γὰρ
216 526 284 581 πάν
306 518 344 582 τὸ
362 524 494 582 τοιοῦτο
514 515 694 601 δεδομένον
714 516 812 582 ἐστίν.
849 519 947 601 μόνοι
967 519 1010 602 δὴ
1031 521 1149 584 λοιπὸν

130 624 268 688 δοκοῦσι
299 629 536 688 καθικνεῖσθαι
567 632 626 706 τῆς
657 621 788 699 ἐννοίας
815 630 875 687 τοῦ
902 622 1090 709 δεδομένου
1119 626 1151 690 ολ

94 739 110 788 5
129 731 299 815 γνώριμον
327 731 393 814 ἅμα
419 727 476 794 καὶ
498 732 643 815 πόριμον
665 729 746 794 αὐτὸ
771 723 857 794 εἶναι
880 728 1148 817 ἀποφηνάμενοι·

128 838 166 902 τὸ
189 837 253 919 γάρ
276 844 408 901 τοιοῦτο
431 845 499 900 πᾶν
520 837 729 918 καταληπτὸν
751 833 808 899 καὶ
830 838 949 919 μόνον·
982 846 1090 902 ταῦτα
1114 833 1149 901 δὲ

129 942 299 1028 ἀμφότερα
322 943 376 1008 δεῖ
391 942 553 1027 ὑπάρχειν
576 953 646 1018 τοῖς
669 941 929 1026 ἐπιστημονικώς
947 941 1149 1027 ἀποδεδομέ-

128 1071 201 1125 νοις
224 1049 382 1134 ὁρισμοῖς.
429 1048 528 1131 ἐγγὺς
550 1045 588 1112 δὲ
611 1048 740 1114 τούτων
763 1046 849 1113 είσὶν
876 1048 912 1113 οί
932 1047 1150 1126 συντιθέντες

129 1151 184 1218 καὶ
213 1153 330 1229 οὑτως·
359 1153 540 1237 δεδομένον
563 1153 668 1237 ἐστίν,
695 1153 714 1218 6
741 1156 946 1240 πορίσασθαι
971 1155 1149 1240 δυνάμεθα

77 1269 111 1317 10
130 1260 186 1322 διά
208 1270 275 1323 τῶν
297 1259 458 1342 κειμένων
479 1258 560 1343 ἡμῖν
584 1259 620 1324 ἐν
642 1271 715 1337 ταῖς
736 1261 883 1346 πρώταις
904 1259 1094 1326 ὑποθέσεσί
1114 1285 1148 1327 τε

129 1362 185 1429 καί
221 1363 346 1449 ἀρχαῖς.
405 1376 473 1430 τῶν
510 1363 548 1430 δὲ
583 1363 832 1453 προειρημένων
870 1372 920 1451 είη
957 1365 999 1432 άν
1037 1365 1094 1432 καὶ
1131 1367 1148 1433 ὁ

129 1470 313 1554 Εὐκλείδης
334 1479 506 1556 πανταχοῦ
528 1482 575 1560 τῷ
599 1475 805 1558 πορίσασθαι
827 1473 1011 1559 χρώμενος,
1040 1475 1072 1537 εί
1093 1471 1150 1538 καὶ

129 1579 373 1664 παραλιμπάνει
392 1580 429 1643 τὸ
448 1580 620 1664 γνώριμον
638 1578 684 1654 ώς
696 1580 925 1663 παρεπόμενον
939 1588 985 1667 τῷ
999 1583 1148 1668 πορίμῳ·

130 1685 313 1750 αἰτιάσαιτο
342 1683 373 1749 δ’
401 1686 444 1749 άν
470 1708 522 1762 τις
548 1685 652 1751 αὑτὸν
679 1684 824 1767 εὐλόγως
853 1684 898 1761 ώς
920 1685 961 1750 οὑ
983 1688 1150 1772 πρότερον

79 1800 111 1847 15
129 1802 250 1867 κοινῶς
281 1791 319 1856 τὸ
352 1790 533 1875 δεδομένον
565 1790 779 1876 ὁρισάμενον,
817 1788 889 1855 ἀλλ’
920 1789 1049 1875 άμέσως
1080 1803 1150 1856 τῶν

130 1896 230 1961 εἰδῶν
253 1896 357 1961 αὑτοῦ
380 1895 533 1981 ἕκαστον,
562 1900 670 1961 καίτοι
699 1896 735 1961 ἐν
762 1905 801 1982 τῇ
829 1908 1031 1983 γεωμετρικῇ
1059 1914 1149 1964 στοι-

29 2033 32 2039 ·
129 2003 258 2085 χειώσει
290 2005 443 2087 φαίνεται
477 2005 542 2089 πρὸ
575 2014 643 2067 τῶν
675 2004 774 2068 είδών
810 2012 869 2086 τῆς
900 2013 1054 2090 γραμμῆς
1085 2007 1149 2089 τὴν

131 2107 242 2185 ἁπλῶς
264 2110 420 2195 γραμμὴν
442 2108 640 2195 ὁρισάμενος
662 2106 717 2172 καὶ
740 2110 781 2173 τά
804 2109 888 2174 άλλα
911 2108 1042 2192 ὁμοίως.

196 2212 429 2302 διακριθέντος
455 2219 573 2280 τοίνυν
600 2217 792 2298 κοινότερον
818 2213 874 2280 καὶ
902 2214 947 2291 ώς
974 2217 1059 2301 πρὸς
1086 2219 1149 2301 τὴν

77 2329 111 2378 20
129 2329 304 2405 παροῦσαν
326 2324 441 2407 χρείαν
463 2329 523 2385 τοῦ
546 2321 728 2406 δεδομένου
748 2319 864 2405 ἐφεξῆς
882 2319 925 2385 άν
943 2327 994 2405 είη
1012 2322 1050 2386 τὸ
1068 2326 1149 2410 χρη-

130 2441 229 2508 σιμον
256 2434 314 2508 τῆς
339 2424 415 2511 περὶ
444 2426 548 2490 αὑτοῦ
575 2430 799 2511 πραγματείας
827 2426 1021 2492 ἀποδοῦναι.
1077 2431 1149 2494 έστι

130 2530 172 2613 δη
195 2527 251 2593 καὶ
273 2539 371 2596 τοῦτο
399 2542 466 2596 τῶν
491 2533 575 2616 πρὸς
597 2534 678 2597 άλλο
702 2532 847 2616 ἐχόντων
870 2534 932 2617 την
955 2533 1147 2622 ἀναφοράν·

129 2636 213 2721 πρὸς
235 2635 299 2720 γάρ
322 2637 382 2701 τὸν
405 2636 634 2721 ἀναλυόμενον
658 2641 837 2723 λεγόμενον
859 2640 963 2704 τόπον
988 2640 1148 2724 ἀναγκαι-

130 2741 230 2826 οτάτη
258 2739 348 2806 ἐστὶν
375 2741 395 2824 ἡ
423 2742 545 2806 τούτου
568 2753 699 2825 γνῶσις.
747 2745 829 2828 ὅσην
852 2741 889 2809 δὲ
912 2747 978 2828 ἔχει
1001 2746 1149 2832 δύναμιν

77 2859 111 2909 25
131 2849 167 2914 ἐν
194 2860 266 2926 ταῖς
292 2855 538 2933 μαθηματικαῖς
571 2847 764 2934 ἐπιστήμαις
795 2849 851 2915 καὶ
878 2863 950 2928 ταῖς
977 2865 1149 2935 συγγενῶς

131 2956 284 3040 ἐχούσαις
306 2955 442 3038 ὀπτικῆς
463 2977 499 3019 τε
521 2952 577 3020 καὶ
599 2964 779 3040 κανονικης
801 2957 819 3023 6
844 2955 1071 3042 ἀναλυόμενος
1094 2964 1149 3026 τό·

20 3072 24 3079 “
129 3084 206 3147 πος,
238 3062 275 3128 έν
301 3063 414 3138 άλλοις
441 3061 628 3147 διώρισται,
661 3060 716 3127 καὶ
748 3063 799 3128 ὅτι
832 3061 1029 3142 ἀποδείξεώς
1057 3066 1149 3132 ἐστιν

172 3293 226 3343 ι3,
247 3285 304 3343 ἐστί
321 3288 445 3344 Pvat.v.
537 3293 562 3343 4.
586 3290 720 3344 δοκοῦσιν
738 3287 831 3344 Pvat.
922 3294 946 3344 8.
969 3287 1052 3364 εἰσίν]
1073 3291 1148 3349 ἐστιν

130 3355 195 3412 vat.
260 3363 284 3414 9.
305 3356 390 3430 ἐστίν]
410 3355 466 3414 ἐστί
484 3359 548 3414 Vat.
610 3366 652 3416 10.
671 3356 842 3415 ὑποθέσεσιν
860 3359 936 3421 Ἰοῖ,
989 3367 1029 3416 11.
1050 3363 1100 3417 καί
1120 3364 1147 3436 6]

194 3427 259 3484 Vat.
333 3435 375 3484 13.
395 3427 618 3503 παραλιμπάνει]
638 3430 750 3500 seripsi;
773 3428 971 3500 περιλιμπάνει
989 3432 1048 3502 Pv,
1068 3452 1149 3503 περι-

65 3374 278 3616 Ὓμώνει
295 3500 360 3556 Vat.
434 3505 475 3554 18.
496 3499 673 3573 ὁρισάμενος]
693 3500 845 3570 ὁρκόμενος
862 3502 915 3557 Pv.
