2400 3840
117 149 181 213 154
518 146 725 205 AEAOMENA.

91 296 216 358 ΒΑΓ
238 279 343 377 γωνία
367 294 421 371 ἴση
446 287 467 370 ἡ
490 288 556 355 ὑπὸ
576 299 643 353 τῶν
661 293 702 352 Η
704 293 774 372 BA,
802 287 857 354 καὶ
881 289 1132 374 ἐπεζεύχθωσαν

115 401 152 464 αἴ
175 404 244 481 ΖΛ,
264 400 345 480 ΑΗ,
368 393 423 459 καὶ
446 396 542 478 ἤχθω
566 395 707 472 κάθετος
729 394 749 477 η
774 399 858 460 AM.

157 517 161 525 '
181 502 250 568 ἐπεὶ
275 509 329 585 ἴση
354 500 444 566 ἐστὶν
462 501 483 584 ἡ
501 501 567 566 ὑπὸ
586 512 654 565 νῶν
668 506 765 566 BAA
788 511 827 586 τῇ
846 502 910 566 ὑπὸ
929 513 996 567 τῶν
1012 507 1131 586 ABH,

115 615 184 677 ἔστι
207 608 244 675 δὲ
266 608 322 675 καὶ
344 608 365 691 ἡ
388 609 453 673 ὑπὸ
477 619 545 672 τῶν
570 611 676 672 ΘΑΗ
697 618 737 693 τῇ
759 608 825 673 ὑπὸ
848 611 957 673 ΑΒΓ
975 615 1044 692 ἴση,
1075 607 1132 674 καὶ

81 727 97 776 ο
117 720 215 801 λοιπὴ
239 719 304 801 ἄρα
326 715 346 798 η
370 715 435 780 ὑπὸ
459 725 527 779 τῶν
547 717 643 779 ΒΓΑ
666 719 764 800 λοιπῇ
787 724 827 800 τῇ
851 715 916 779 ὑπὸ
941 726 1008 779 τῶν
1029 719 1132 780 ΘΗΛ

114 824 204 889 ἐστιν
224 829 292 905 ἴση·
317 823 434 905 ὅμοιον
452 822 517 906 ἄρα
532 818 601 884 ἐστὶ
620 821 657 884 τὸ
673 823 774 894 ΒΑΓ
787 823 952 906 τρίγωνον
965 830 1012 909 τῷ
1029 825 1131 887 ΘΗΛ

113 932 274 1017 τριγώνῳ.
329 926 384 993 καὶ
416 928 553 992 κάθετοι
585 924 724 1010 ἠγμέναι
757 925 843 991 εἴσῖν
875 929 912 991 αἴ
937 932 1015 1010 BA,
1037 932 1129 992 AM·

115 1040 205 1102 ἔστιν
229 1038 293 1121 ἄρα
317 1034 361 1109 ὡς
384 1032 452 1116 ἡΑ
459 1036 491 1097 Γ
507 1034 591 1118 πρὸς
609 1034 670 1117 τὴν
686 1037 758 1115 ΒΛ,
783 1032 890 1109 οὕτως
913 1032 933 1114 ἡ
955 1037 1028 1096 ΘΗ
1045 1036 1131 1118 πρὸς

112 1144 174 1225 την
197 1145 288 1206 AM·
321 1134 363 1221 ἦν
391 1137 443 1222 δέ,
472 1139 517 1215 ὡς
543 1139 564 1222 ἡ
587 1142 659 1203 ΑΓ
679 1139 763 1224 πρὸς
786 1139 847 1221 τὴν
870 1143 947 1222 BA,
981 1132 1130 1224 οὕτωςὴ

60 1257 93 1304 10
115 1252 188 1312 ΘΗ
206 1247 288 1331 πρὸς
307 1247 368 1328 την
389 1247 469 1308 ΖΚ·
492 1243 663 1308 ὑπόκειται
686 1244 763 1329 γάρ·
787 1241 842 1308 καὶ
866 1244 911 1320 ὡς
935 1244 1038 1328 Boas&
1061 1251 1136 1310 BH

111 1355 195 1439 πρὸς
217 1354 278 1437 την
302 1355 391 1434 AM,
416 1349 565 1434 οὕνωςίγ
592 1353 666 1414 ΘΗ
683 1351 767 1435 πρὸς
789 1351 850 1433 τὴν
876 1353 955 1414 ΖΚ·
985 1356 1039 1434 ἴση
1063 1354 1131 1436 ἄρα

112 1457 203 1524 ἐστὶν
226 1459 246 1542 ἡ
271 1460 339 1522 ΖΚ
360 1467 399 1543 τῇ
424 1460 505 1520 AM
507 1476 514 1490 ·
548 1459 617 1520 ἔστι
640 1453 677 1520 δὲ
699 1454 755 1520 καὶ
777 1457 1000 1543 παράλληλος·
1029 1456 1129 1542 καὶὴ

113 1571 173 1630 ΖΛ
196 1566 260 1650 ἄρα
283 1574 322 1650 τῇ
348 1567 421 1627 ΘΗ
442 1562 652 1648 παράλληλός
680 1561 782 1627 ἐστιν·
817 1569 872 1645 ἴση
900 1565 965 1650 ἄρα
993 1562 1084 1629 έστῖν
1108 1565 1129 1648 ἡ

110 1671 175 1736 ὑπὸ
198 1683 266 1736 τῶν
286 1674 382 1734 ΖΑΘ
404 1672 509 1752 γωνία
532 1679 572 1753 τῇ
595 1668 660 1733 ὑπὸ
684 1679 752 1732 τῶν
772 1672 887 1733 ΑΘΗ
929 1667 1001 1733 ἀλλ’
1022 1670 1043 1753 ἡ
1067 1667 1129 1754 μὲν

59 1785 92 1832 15
110 1777 175 1841 ὑπὸ
205 1788 273 1841 τῶν
297 1780 408 1840 ABH
435 1785 474 1861 τῇ
502 1775 567 1839 ὑπὸ
595 1785 662 1838 τῶν
690 1777 791 1838 ΒΑΓ
818 1774 909 1839 ἐστιν
939 1781 1007 1858 ἴση·
1040 1776 1061 1859 ἡ
1091 1774 1128 1841 δὲ

110 1884 175 1948 ὑπὸ
201 1886 298 1947 ΖΑΘ
325 1892 364 1967 τῇ
392 1881 457 1946 ὑπὸ
486 1891 553 1945 τῶν
578 1884 681 1945 ΖΗΘ
709 1880 800 1945 ἐστιν
829 1887 898 1964 ἴση·
931 1879 986 1945 καὶ
1014 1881 1034 1964 ἡ
1060 1881 1128 1947 ὑπὸ
1156 1862 1163 1875 ’

110 2001 176 2055 τῶν
200 1991 301 2053 ΒΑΓ
319 1989 383 2073 ἄρα
406 1997 445 2072 τῇ
468 1986 534 2051 ὑπὸ
557 1997 625 2050 τῶν
650 1990 753 2049 ΖΗΘ
776 1985 867 2051 ἐστιν
892 1993 955 2070 ἴση.
997 1990 1066 2053 ἔστι
1091 1985 1129 2054 δὲ

109 2094 164 2160 καῖ
187 2095 207 2178 ἡ
231 2095 296 2159 ὑπὸ
322 2104 389 2158 τῶν
413 2096 518 2174 ΑΒΓ
540 2103 579 2179 τῇ
607 2092 672 2158 ὑπὸ
700 2103 768 2156 τῶν
793 2096 902 2156 ΘΖΗ
926 2100 994 2176 ἴση·
1026 2096 1127 2178 λοιπὴ

110 2204 174 2288 ἄρα
196 2203 217 2286 η
240 2201 305 2266 ὑπὸ
329 2210 396 2264 τῶν
420 2203 515 2264 ΒΓΑ
539 2204 635 2284 λοιπῇ
658 2209 698 2284 τῇ
721 2198 786 2263 ὑπὸ
812 2209 881 2263 τῶν
907 2203 1016 2264 ΖΘΗ
1034 2199 1127 2265 ἐστιν

56 2315 91 2362 20
111 2314 178 2390 ἴση·
204 2308 382 2389 ἰσογώνιον
404 2307 469 2389 ἄρα
492 2302 560 2369 ἐστὶ
584 2305 621 2368 τὸ
641 2307 746 2368 ΑΒΓ
764 2308 930 2390 τρίγωνον
953 2315 998 2393 τῷ
1020 2311 1132 2371 ΖΘΗ

110 2415 271 2499 τριγώνῳ.

592 2531 638 2597 π’.

172 2657 248 2724 Ἐδιν
270 2661 435 2744 τρίγωνον
458 2659 538 2740 μίαν
562 2659 618 2742 ἔχη
642 2661 768 2739 γωνίαν
791 2657 983 2742 δεδομένην,
1007 2657 1063 2723 καὶ
1087 2662 1124 2725 τὸ

111 2765 176 2830 ὑπὸ
199 2776 267 2828 τῶν
290 2765 351 2847 τὴν
375 2761 560 2847 δεδομένην,
580 2767 707 2846 γωνίαν
729 2776 956 2850 περιεχουσῶν
979 2765 1124 2830 εὐθειῶν

56 2878 90 2926 25
108 2873 192 2957 πρὸς
218 2872 255 2935 τὸ
284 2868 347 2935 ἀπὸ
375 2878 433 2953 τῆς
460 2873 578 2953 λοιπῆς
601 2869 751 2957 Ῐπῖενρᾶς
779 2871 989 2956 τετράγωνον
1021 2874 1124 2954 λόγον

107 2982 163 3064 ἔχη
187 2974 377 3060 δεδομένον,
401 2974 533 3040 δέδοται
556 2976 593 3040 τὸ
618 2979 783 3061 τρίγωνον
806 2986 852 3064 τῷ
876 2978 965 3042 εἴδει.

174 3087 256 3148 ἴστω
284 3086 449 3168 τρίγωνον
476 3082 513 3146 τὸ
542 3084 650 3146 ΑΒΓ
676 3081 860 3166 δεδομένην
892 3085 968 3166 ἔχον
996 3085 1124 3164 γωνίαν

180 3281 203 3328 1.
223 3271 324 3347 γωνίᾳ]
344 3290 397 3329 om.
416 3273 443 3326 b.
503 3271 533 3343 ἡ]
554 3289 607 3326 om.
627 3268 654 3327 b'.
714 3275 745 3326 Η
749 3274 811 3344 ΘΑ]
832 3276 882 3328 BA
900 3274 928 3328 b.
1001 3280 1025 3328 3.
1047 3273 1124 3347 ἐπεί]

107 3345 156 3398 καὶ
179 3342 240 3397 ἐπεί
262 3345 358 3398 Vat.v.
450 3344 546 3414 BAA]
572 3347 649 3396 AAB
672 3343 698 3398 b.
786 3345 892 3416 ABH]
916 3347 973 3400 AB
996 3343 1023 3399 b.
1098 3353 1123 3400 4.

40 3435 44 3444 ·
109 3412 164 3467 ἔστι
184 3446 217 3455 -
237 3414 294 3485 ἴση]
314 3430 366 3468 om.
386 3414 412 3468 b.
505 3419 528 3468 5.
554 3415 640 3485 ΒΓΑ]
660 3417 740 3468 ΒΓΔ
757 3414 784 3468 b.
873 3416 969 3486 BHA]
991 3418 1077 3471 BEA
1095 3417 1123 3472 b.

143 3491 167 3538 6.
188 3485 281 3554 ΒΑΓ]
301 3489 375 3538 ΒΓΑ
393 3485 468 3553 Vah,
492 3488 576 3538 ΑΒΓ
590 3502 616 3539 V.
710 3485 805 3556 ΘΗΛ]
825 3489 880 3540 ΑΕ
898 3486 925 3540 b.
1018 3492 1041 3542 7.
1062 3488 1124 3559 ΒΔ]
