2400 3840
131 131 173 195 14
532 133 735 186 monum.

129 277 252 352 δοθείς.
298 272 402 341 δοθὲν
434 272 471 340 δὲ
498 277 536 342 τὸ
561 281 639 345 AB·
671 271 776 341 δοθὲν
807 277 872 361 ἄρα
902 273 958 340 καὶ
985 273 1145 363 ἑκάτερον

127 394 195 447 τῶν
218 385 293 466 ΑΓ,
313 385 382 447 ΓΒ.
637 469 645 492 Ι

611 495 654 554 η.

199 598 246 660 Τὰ
268 597 352 681 πρὸς
374 596 411 661 τὸ
430 596 511 661 οὐτὸ
530 597 631 677 λόγον
649 597 766 678 έχοντα
785 593 965 679 δεδομένον
983 593 1144 682 καὶπρὸς

90 719 107 768 5
126 704 251 786 ἄλληλα
274 705 375 785 λόγου
397 700 461 781 έξει
484 700 671 786 δεδομένον.

193 807 290 893 ἐχέτω
319 809 381 895 γὰρ
409 806 564 894 ἑκάτερον
591 818 658 871 τῶν
686 813 728 890 A,
752 811 784 872 Γ
810 809 893 893 πρὸς
919 808 956 871 τὸ
980 811 1009 873 Β
1038 810 1144 890 λόγον

57 925 61 934 “
125 914 319 999 δεδομένον·
348 913 442 999 λέγω,
466 914 516 979 ὅτι
538 912 594 979 καὶ
617 915 654 979 τὸ
677 918 710 977 A
731 914 814 999 πρὸς
836 915 875 978 τὸ
899 916 931 978 Γ
949 915 1052 995 λόγον
1075 912 1141 992 ἕξει

124 1020 312 1105 δεδομένου.

191 1130 273 1192 ἔστω
297 1128 360 1213 γὰρ
384 1125 563 1210 δεδομένον
584 1125 726 1210 μέγεθος
743 1126 781 1191 τὸ
799 1131 840 1190 A.
877 1123 932 1190 καὶ
950 1124 1020 1191 ἐπεὶ
1039 1129 1142 1209 λόγος

71 1251 107 1300 10
126 1231 194 1298 ἐστὶ
213 1242 273 1297 τοῦ
287 1240 319 1298 A
337 1234 419 1319 πρὸς
437 1234 474 1297 τὸ
489 1237 517 1298 Β
537 1234 661 1317 δοθείς,
679 1232 697 1297 ὁ
717 1232 816 1308 αὐτὸς
834 1232 923 1320 αὐτῷ
941 1235 1140 1314 πεποιήσθω

125 1340 142 1405 ὁ
167 1348 226 1403 τοῦ
249 1346 282 1404 A
304 1341 387 1426 πρὸς
409 1340 446 1403 τὸ
470 1344 508 1405 Ε.
550 1335 654 1404 δοθὲν
676 1336 713 1404 δέ
736 1340 773 1403 τὸ
796 1344 842 1403 A·
866 1334 970 1403 δοθὲν
993 1339 1058 1424 ἄρα
1081 1337 1139 1404 καὶ

124 1448 161 1511 τὸ
180 1451 219 1511 Ε.
255 1447 366 1530 πάλιν,
389 1443 457 1510 ἐπεὶ
476 1448 574 1529 λόγος
593 1443 661 1510 ἐστὶ
679 1449 781 1511 εοῦΒ
804 1446 887 1531 πρὸς
904 1446 941 1509 τὸ
959 1449 992 1510 Γ
1010 1445 1140 1531 δοθείς,

122 1553 141 1618 δ
165 1553 264 1630 αὐτὸς
287 1553 376 1641 αὐτῷ
398 1553 592 1634 πεποιήσθω
616 1551 633 1617 δ
657 1560 716 1616 τοῦ
739 1556 771 1616 Ε
791 1552 874 1636 πρὸς
896 1552 933 1616 τὸ
959 1554 995 1616 Ζ.
1030 1549 1139 1618 δοθὲν

124 1656 161 1724 δὲ
193 1661 230 1724 τὸ
258 1665 299 1726 Ε·
337 1655 441 1725 δοθὲν
468 1660 532 1745 ἄρα
559 1657 614 1723 καὶ
646 1659 683 1722 τὸ
712 1662 748 1721 Ζ.
795 1660 863 1722 ἔστι
891 1653 928 1723 δὲ
955 1656 1010 1723 καὶ
1037 1659 1075 1723 τὸ
1102 1665 1138 1723 A

47 1844 50 1849 ¹
70 1783 103 1831 15
123 1765 240 1832 δοθέν·
264 1755 362 1849 λόγος
384 1768 449 1852 ἄρα
471 1773 532 1829 τοῦ
554 1770 587 1829 A
609 1766 693 1849 πρὸς
714 1764 751 1828 τὸ
776 1768 804 1827 Ζ
828 1763 896 1828 ἐστι
920 1764 1043 1841 δοθείς.
1080 1763 1139 1830 καὶ

123 1873 195 1938 ἐπεί
216 1873 305 1938 ἐστιν
328 1873 373 1949 ὡς
395 1869 456 1957 μέν
478 1873 515 1937 τὸ
534 1878 567 1936 A
588 1872 672 1956 πρὸς
694 1871 731 1935 τὸ
749 1874 788 1955 Β,
811 1870 917 1946 οὕτως
939 1871 976 1934 τὸ
995 1877 1028 1935 A
1051 1873 1138 1956 πρὸς

40 1967 47 1980 ’
123 1981 161 2065 τό
180 1985 220 2063 E,
244 1980 288 2056 ὡς
311 1976 348 2044 δὲ
370 1980 407 2044 τὸ
427 1982 455 2043 Β
478 1978 561 2063 πρὸς
584 1979 621 2042 τὸ
641 1981 678 2061 Γ,
702 1977 807 2053 οὕτως
829 1978 866 2041 τὸ
885 1981 917 2041 Ε
937 1977 1020 2062 πρὸς
1038 1979 1075 2043 τὸ
1095 1982 1138 2063 Z,

57 2075 64 2088 ⁴
122 2088 232 2152 διΐσου
262 2088 326 2172 ἄρα
351 2083 443 2150 ἐστὶν
471 2085 515 2161 ὡς
541 2085 578 2148 τὸ
602 2089 634 2148 A
665 2085 749 2169 πρὸς
774 2085 811 2148 τὸ
838 2087 876 2168 Γ,
908 2083 1013 2160 οὕτως
1039 2085 1078 2149 τὸ
1099 2091 1136 2149 A

120 2196 203 2279 πρὸς
226 2194 263 2257 τὸ
284 2196 320 2256 Ζ.
357 2193 455 2273 λόγος
478 2186 514 2254 δὲ
537 2198 597 2254 τοῦ
615 2195 649 2254 A
670 2191 753 2275 πρὸς
776 2190 861 2255 τὸ’Ζ
884 2190 1011 2266 δοθείς·
1034 2193 1137 2273 λόγος

67 2315 102 2363 20
121 2302 185 2386 ἄρα
208 2297 345 2363 καὶτοῦ
368 2303 401 2361 A
423 2297 506 2381 πρὸς
527 2297 564 2360 τὸ
590 2298 622 2360 Γ
640 2296 762 2372 δοθείς.

602 2488 650 2555 θ’.

185 2615 260 2682 Ἐὰν
283 2617 345 2681 δύο
368 2615 389 2700 ἢ
408 2620 545 2682 πλείονα
563 2613 687 2699 μεγέθη
710 2616 793 2701 πρὸς
811 2616 935 2697 ἄλληλα
954 2617 1056 2698 λόγον
1075 2619 1134 2702 ἔχη

120 2722 314 2808 δεδομένον,
347 2726 402 2808 ἔηη
435 2719 472 2787 δέ
503 2723 543 2786 τὰ
575 2722 658 2787 αὐτὰ
685 2720 808 2806 μεγέθη
835 2722 919 2808 πρὸς
945 2723 1029 2787 ἄλλα
1056 2724 1134 2788 τινὰ

119 2830 243 2916 μεγέθη
276 2832 396 2913 λόγους
428 2827 641 2913 δεδομένους,
674 2830 705 2894 εἰ
734 2826 789 2893 καὶ
821 2829 864 2912 μη
892 2830 971 2905 τοὺς
996 2828 1134 2914 αὐτούς,

63 2951 99 3001 25
118 2937 252 3026 κᾴκεῖνον
271 2937 310 3002 τὰ
328 2934 452 3021 μεγέθη
469 2937 552 3022 πρὸς
570 2937 695 3018 ἄλληλα
710 2937 830 3017 λόγους
843 2932 906 3012 ἕξει
920 2932 1133 3019 δεδομένους.

185 3045 247 3109 δύο
266 3045 328 3129 γὰρ
348 3042 368 3126 ἢ
386 3046 522 3108 πλείονα
540 3041 665 3126 μεγέθη
683 3043 724 3107 τὰ
742 3047 785 3126 A,
799 3043 838 3125 B,
853 3045 885 3106 Γ
902 3042 985 3127 πρὸς
1003 3043 1133 3125 ἄλληλα

192 3279 215 3326 1.
240 3268 299 3343 nat]
319 3288 371 3326 om.
392 3288 417 3328 a.
492 3276 515 3326 6.
541 3269 596 3341 ἔχει
614 3272 642 3341 β.
714 3275 738 3323 9.
764 3268 842 3340 ἔστω]
861 3265 966 3322 νεέσθω
984 3284 1010 3323 ο.
1086 3275 1130 3337 12.

118 3341 192 3397 ἐστίν
207 3359 232 3397 a.
299 3344 337 3414 Γ]
357 3347 406 3397 ΓΔ
421 3359 445 3396 a.
511 3347 552 3396 13.
571 3342 640 3395 Post
660 3345 681 3394 Z
700 3340 764 3395 add.
784 3336 882 3401 δοθεὶς
899 3339 952 3408 Pv,
971 3338 1053 3410 λόγος
1072 3339 1129 3409 ἄρα

116 3415 166 3469 κοιλ
186 3415 200 3469 ὁ
219 3423 268 3469 τοῦ
288 3417 313 3469 Ε
335 3413 405 3483 πρὸς
423 3414 454 3468 τὸ
476 3417 497 3468 Ζ
519 3411 617 3475 δοθελς
640 3429 664 3468 a.
752 3415 793 3465 14.
819 3409 962 3465 έστινΡν.
1050 3411 1130 3466 15.δ

115 3494 165 3540 τοῦ
186 3503 211 3540 a.
298 3483 371 3540 ἐστίν
389 3485 442 3540 Pv.
530 3492 572 3540 16.
596 3484 667 3538 τδΑ
690 3483 760 3549 πρὸς
777 3481 809 3536 τὸ
829 3483 862 3552 Β]
885 3481 950 3536 add.
969 3499 1005 3536 m.
1026 3487 1042 3535 2
1061 3482 1129 3538 vat.
