2400 3840
543 113 649 165 DATA.
1061 112 1105 176 29

158 256 225 323 iam
256 277 298 320 ne
331 255 375 321 sit
402 256 515 320 eadem
542 260 575 320 et
602 256 661 321 fiat
688 258 1105 322 Aaer=HAzra

86 364 202 446 itaqua
230 361 329 427 etiam
356 361 441 427 ratio
469 366 563 427 HA:
579 365 645 426 ΖΓ
669 363 747 428 data
774 366 832 427 est.
883 385 998 428 uerum
1029 364 1106 429 data

88 473 142 534 est
168 471 236 534 ZP.
288 469 365 533 data
392 472 442 533 est
469 468 573 554 igitur
601 468 701 533 etiam
724 472 796 533 HA
823 469 928 554 [prop.
952 469 1009 553 11].
1055 475 1106 534 est

88 579 203 640 autem
225 575 326 639 etiam
342 573 541 659 magnitudo
565 579 633 638 EA
659 574 743 639 data.
790 595 889 657 quare
912 574 1011 639 etiam
1033 576 1107 640 rali-

88 704 157 766 qua
179 684 254 747 ΕΗ
273 681 351 745 data
374 684 424 745 est
447 680 552 765 [prop.
575 679 648 764 NJ.
694 684 727 744 et
751 680 904 764 quoniam

394 790 459 850 AB
475 809 482 850 :
498 787 559 850 ΓΔ
574 816 615 839 =
629 790 719 851 HA:
735 789 805 871 ΖΓ,

89 892 196 959 etiam
222 892 308 959 ratio
336 896 405 957 ΗΒ
421 916 427 956 :
444 897 510 957 ΖΔ
537 893 613 957 data
640 893 703 957 erit
731 891 789 979 [V,
814 894 869 979 123
892 893 953 958 def.
978 894 1022 978 2].
1072 900 1106 959 et

88 1000 170 1064 data
193 1003 243 1064 est
266 998 457 1084 magnitudo
481 1002 558 1062 ΕΗ.
605 1018 682 1083 ergo
706 999 896 1097 magnitudo
920 1004 983 1064 ΕΒ
989 1053 998 1085 ‚
1021 1022 1107 1065 eom-

88 1110 207 1190 parata
235 1127 309 1170 cum
336 1103 560 1189 magnitudine
589 1109 668 1189 ZA,
696 1105 772 1169 data
799 1106 904 1170 maior
931 1111 981 1170 est
1009 1129 1107 1190 quam

89 1211 127 1274 in
149 1210 276 1275 ratione
301 1209 377 1295 [def.
397 1210 463 1293 11]:

564 1306 634 1371 XV.

162 1423 197 1488 Si
230 1424 311 1488 duae
343 1421 584 1509 magnitudines
616 1422 702 1487 iuter
730 1445 764 1487 se
791 1424 952 1488 rationem
984 1425 1107 1490 habent

91 1532 204 1596 datam
228 1533 260 1595 et
284 1528 430 1594 aufertur
453 1529 494 1593 ab
517 1533 655 1612 utraque
679 1551 789 1593 earum
813 1529 889 1594 data
906 1531 1109 1616 magnitude,

91 1642 152 1701 aut
174 1635 318 1720 reliquae
342 1634 582 1721 magnitudines
605 1634 690 1699 inter
709 1656 743 1699 sa
761 1635 922 1700 rationem
938 1635 1107 1701 habebunt

92 1744 219 1827 datam,
242 1747 299 1807 aut
322 1741 434 1826 altera,
457 1745 645 1824 comparata
668 1762 742 1805 eum
765 1740 880 1825 altera,
903 1740 979 1805 data
1002 1742 1107 1806 maior

90 1853 143 1914 est
166 1870 264 1933 quam
286 1847 321 1912 in
343 1847 477 1912 ratione.

161 1956 243 2020 duaa
271 1954 358 2018 enim
384 1952 624 2038 magnitudines
648 1956 728 2036 AB,
747 1955 808 2016 ΓΔ
835 1952 920 2016 inter
947 1973 981 2015 se
1010 1951 1108 2017 ratio·

90 2084 170 2139 nem
197 2060 338 2124 habeant
366 2058 488 2142 datam,
516 2060 548 2121 et
575 2056 742 2144 auferatur
768 2058 809 2122 ab
837 2062 973 2142 utraque
997 2080 1108 2123 earum
1174 2041 1177 2048 ⁵

628 2164 704 2227 data
736 2163 939 2249 magnitude,
972 2164 1013 2228 ab
1039 2170 1072 2228 A
1078 2169 1107 2228 B

92 2234 583 2343 i-—i-——j—-i
628 2269 820 2356 magnitudo
860 2267 945 2354 ΛΕ,
987 2293 1006 2334 a
1043 2273 1108 2334 ΓΛ

95 2399 124 2448 Γ
342 2396 363 2444 Ζ
452 2397 478 2444 Δ
630 2381 738 2440 autem
758 2379 828 2441 ΓΖ.
866 2376 947 2459 dico,
964 2380 1020 2440 aut
1037 2376 1109 2440 reli-

102 2465 107 2502 ¹
348 2462 466 2499 ¹*'
630 2504 708 2565 quas
719 2482 959 2568 magnitudines
969 2487 1039 2567 ER,
1047 2485 1108 2546 ΓΖ

93 2592 183 2655 inter
212 2611 246 2654 ae
273 2589 448 2654 rationem.
461 2589 580 2652 habere
608 2588 731 2673 datam,
759 2593 816 2652 aut
843 2589 993 2673 alteram,
1024 2610 1110 2652 eom·

93 2699 246 2781 paratam
282 2717 356 2760 eum
392 2695 508 2781 altera,
544 2693 621 2759 data
654 2695 810 2760 maiorem
843 2716 912 2760 esse
945 2717 1043 2780 quam
1073 2694 1109 2757 in

94 2802 233 2866 ratione.
860 2794 864 2800 ’

164 2929 241 2972 nam
273 2907 427 2991 quoniam
454 2912 591 2991 utraque
618 2907 810 2993 magnitudo
839 2910 919 2991 AE,
942 2908 1003 2970 ΓΖ
1035 2906 1111 2969 data

93 3019 163 3099 est,
194 3014 279 3078 ratio
307 3019 396 3079 Aa:
411 3017 472 3078 ΓΖ
500 3014 584 3078 data.
630 3017 663 3078 et
692 3013 720 3078 si
747 3013 858 3077 eadem
886 3016 936 3077 est
963 3033 1000 3076 aa
1023 3010 1108 3075 ratio

98 3124 165 3185 AB
180 3143 187 3183 ε
204 3120 279 3203 ΓΔ,
311 3120 374 3185 erit
401 3119 501 3184 etiam
529 3119 613 3184 ratio
636 3119 779 3203 reliquae
802 3122 864 3182 ΕΒ
888 3116 929 3182 ad
951 3116 1110 3200 reliquam

97 3229 162 3290 ΖΔ
185 3225 263 3290 data
287 3225 341 3309 [V,
361 3227 415 3311 193
438 3225 499 3290 def.
519 3226 564 3310 2].

165 3331 233 3395 iam
265 3351 306 3394 ue
335 3328 378 3394 sit
406 3330 517 3395 eadem
550 3335 582 3394 et
609 3330 668 3394 fiat
696 3330 1110 3394 AB:FA=AH:FZ.

93 3436 185 3501 natio
218 3440 327 3535 autam
359 3439 423 3499 AB
439 3459 446 3498 :
462 3438 522 3500 ΓΔ
554 3435 631 3499 data
662 3439 725 3519 est3
761 3435 871 3518 itaque
899 3432 999 3498 etiam
1025 3433 1110 3498 ratio
