2400 3840
420 835 723 913 Definitionea

132 1011 161 1076 1.
185 1009 288 1075 Data
306 1010 574 1096 magnitudine
593 1010 744 1076 dicuntur
758 1015 791 1076 et
805 1012 910 1098 spatia
924 1018 957 1078 et
971 1013 1075 1079 lineae

54 1123 93 1183 et
119 1115 243 1204 anguli,
266 1115 384 1202 quibus
408 1115 555 1200 aequalia
579 1138 764 1201 comparare
787 1140 970 1202 possumus.

129 1226 159 1288 2.
201 1223 301 1290 Ratio
338 1223 428 1288 data
462 1244 531 1287 esse
563 1222 695 1308 dieitur,
731 1223 783 1289 oni
821 1226 954 1291 eandem
989 1248 1074 1291 oom-

48 1353 174 1418 parare
196 1352 378 1416 possumne.

128 1441 158 1504 3.
181 1436 381 1503 Rectilineae
400 1436 532 1522 figurae,
544 1436 670 1520 speeie
694 1437 806 1502 datae
826 1459 895 1503 esse
914 1439 1075 1526 dicuntur,

55 1567 198 1630 quarum
227 1548 259 1608 et
288 1542 408 1629 singuli
433 1541 544 1629 anguli
572 1543 640 1606 dati
668 1547 745 1607 sunt
772 1548 805 1608 et
826 1545 965 1609 laterum
987 1545 1073 1610 inter

55 1674 93 1717 se
117 1651 262 1715 rationes
286 1651 388 1714 datae.

125 1759 156 1822 4.
193 1755 398 1821 Positione
431 1755 520 1821 data
547 1776 617 1820 esse
646 1755 797 1820 dicuntur
829 1760 862 1820 et
888 1761 1011 1840 puncta
1038 1763 1073 1822 et

55 1864 163 1929 lineae
188 1867 221 1928 et
239 1862 361 1950 anguli,
384 1884 466 1947 quae
485 1863 621 1927 eundem
640 1884 767 1945 semper
784 1861 893 1927 locum
912 1863 1070 1928 obtinent.

127 1971 156 2036 5.
196 1968 344 2036 Circulus
385 1969 653 2056 magnitudine
686 1968 798 2033 datus
835 1991 905 2034 esse
942 1969 1071 2055 dicitur,

56 2077 152 2142 ouius
175 2076 284 2140 radius
310 2077 403 2140 datus
426 2080 477 2140 est
499 2074 731 2160 magnitudine.

125 2184 154 2248 6.
191 2181 393 2247 Positione
427 2185 536 2246 autem
569 2185 602 2245 et
633 2180 901 2267 magnitudine
929 2182 1070 2248 circulus

55 2291 153 2355 datus
177 2310 247 2353 esse
271 2287 398 2374 dieitur,
422 2287 513 2352 ouius
532 2290 678 2352 centrum
698 2288 810 2352 datum
829 2292 879 2353 est
896 2289 1071 2376 positione,

53 2395 165 2461 radius
189 2398 299 2459 autem
322 2394 553 2480 magnitudine.

124 2503 152 2566 7.
183 2499 358 2587 Segmonta
377 2501 571 2566 circulorum
588 2500 861 2586 ‘magnitudine
885 2502 974 2567 data
996 2525 1068 2568 esse

53 2609 219 2693 dicuntur,
240 2607 275 2672 in
298 2607 416 2693 quibus
440 2605 552 2694 anguli
571 2607 638 2672 dati
658 2611 734 2671 sunt
757 2607 901 2676 etbases
922 2630 1067 2694 segmen·
1138 2593 1143 2602 ’

53 2720 167 2781 torum
190 2714 423 2800 magnitudine.

124 2823 153 2889 8.
186 2820 388 2886 Positione
412 2826 521 2886 autem
544 2825 581 2885 et
604 2820 870 2907 magnitudine
891 2825 1066 2907 ¹segmenta

52 2931 147 2994 data
179 2950 249 2992 esse
282 2927 442 3012 dicuntur,
471 2927 507 2991 in
537 2928 654 3011 quibus
687 2932 720 2992 et
753 2928 863 3014 anguli
892 2927 959 2992 dati
989 2930 1065 2990 sunt

88 3182 113 3231 9.
134 3172 242 3244 λέγεται
256 3175 281 3245 β.
340 3174 381 3244 τε]
401 3189 453 3227 om.
469 3173 494 3243 β.
560 3178 602 3262 19.
623 3169 725 3244 ἐπέχει]
746 3171 801 3243 ἔχει
813 3173 878 3226 Vat.
942 3176 983 3225 13.
1002 3168 1063 3242 καί]

49 3264 152 3389 diiiimit
162 3251 400 3388 e(mliiit]mriiaii1ii
413 3331 475 3369 cum
493 3245 607 3369 lTiiediid
626 3250 812 3385 (εὲΙεῖι))Ῐεᾶοιέ’Πτε.1
836 3259 863 3298 γ’
882 3240 1062 3369 εἰσίνῙῖἶῩξιἪ

88 3395 130 3445 19.
151 3388 279 3457 τμήματα
298 3387 406 3442 κύκλων
425 3387 450 3457 β.
524 3391 565 3440 20.
585 3385 633 3458 τῷ]
653 3402 706 3440 om.
725 3384 849 3438 PVat.v.

866 3474 900 3525 1*
