2400 3840
89 123 136 187 32
479 122 685 176 AEAOMENA.

88 270 150 332 καί
170 267 240 332 έστι
264 263 368 332 δοθέν
390 267 427 331 τὸ
450 269 490 330 Η
493 270 534 330 Ζ·
562 266 599 329 τὸ
625 268 686 329 ΖΒ
709 266 773 351 ἄρα
795 273 855 329 τοῦ
878 269 947 329 ΕΔ
970 261 1113 329 δοθέντι

90 374 202 456 μεῖζόν
221 372 311 437 έστιν
329 370 349 455 ἢ
369 370 405 438 έν
422 374 520 458 λόγῳ.

573 493 623 573 ιζ’.

144 616 234 682 ΙἘδιν
257 612 278 704 ᾖ
301 620 377 703 τρία
399 615 539 701 μεγέθη,
570 615 625 681 καὶ
649 618 687 682 τὸ
709 627 843 702 πρῶτον
865 625 926 681 τοῦ
950 613 1113 702 δευτέρον

54 743 73 790 5
93 723 231 789 δοθέντι
254 727 364 807 μεῖζον
386 718 408 810 ᾖ
431 723 451 805 ἢ
476 723 512 788 έν
535 725 638 810 λόγῳ,
670 717 689 808 ᾗ
713 719 751 787 δὲ
772 720 827 786 καὶ
850 723 888 787 τὸ
911 724 1028 808 τρίτον
1051 730 1112 786 τοῦ

93 830 198 895 αὐτοῦ
221 830 358 895 δοθέντι
380 833 490 914 μεῖζον
512 829 533 911 ἢ
558 829 594 895 έν
617 831 720 917 λόγῳ,
748 830 785 894 τὸ
808 839 943 914 πρῶτον
965 829 1052 914 πρὸς
1074 829 1112 893 τὸ

92 939 206 1023 τρίτον
233 938 306 1019 ἤτοι
334 938 435 1017 λόγον
462 932 526 1012 ἕξει
554 932 750 1019 δεδομένον,
781 932 802 1017 ἢ
834 933 871 998 τὸ
903 931 1019 1019 ἕτερον
1051 942 1113 998 τοῦ

93 1038 207 1125 ἑτέρου
231 1037 368 1104 δοθέντι
391 1043 501 1123 μεῖζον
524 1043 615 1104 ἔσται
638 1038 658 1122 ἢ
683 1038 719 1104 έν
742 1042 838 1127 λόγῳ.

162 1149 243 1210 ἔστω
276 1149 351 1230 τρία
378 1145 499 1230 μεγέθη
526 1147 567 1209 τὰ
591 1150 672 1229 ΑΒ,
697 1148 734 1229 Γ,
757 1150 839 1229 ΛΕ,
870 1144 926 1210 καὶ
955 1143 1113 1232 ἑκάτερον

39 1271 75 1319 10
93 1263 161 1315 τῶν
184 1256 261 1335 ΑΒ,
279 1256 349 1315 ΛΕ
368 1260 429 1315 τοῦ
454 1255 486 1316 Γ
504 1250 641 1316 δοθέντι
663 1254 774 1336 μεῖζον
796 1253 878 1316 ἔστω
901 1249 922 1334 ἢ
947 1249 984 1317 ἐν
1007 1254 1112 1338 λόγῳ·

95 1356 196 1441 λέγω,
228 1358 278 1423 ὅτι
301 1358 342 1421 τδι
366 1361 446 1440 ΑΒ,
464 1361 534 1421 ΔΕ
558 1358 631 1439 ἤτοι
658 1359 742 1443 πρὸς
769 1358 895 1439 όλληλοι
917 1360 1020 1440 λόγον
1044 1361 1112 1443 ἔχει

96 1463 277 1547 δεδομένον
298 1463 318 1545 ἣ
336 1465 374 1528 τὸ
392 1461 506 1548 ἕτερον
524 1471 584 1527 τοῦ
603 1460 717 1548 ἑτέρου
737 1461 873 1528 δοθέντι
892 1464 1003 1546 μεῖζόν
1020 1462 1115 1529 ἐστιν

94 1568 115 1651 ἢ
140 1569 176 1634 έν
199 1573 296 1658 λόγῳ.

163 1675 232 1741 ἐπεὶ
255 1679 317 1761 γὰρ
341 1678 378 1742 τὸ
396 1680 466 1741 ΛΕ
486 1685 546 1740 τοῦ
570 1678 603 1739 Γ
621 1673 759 1741 δοθέντι
781 1679 892 1760 μεῖζόν
915 1675 1007 1740 ἐστιν
1029 1674 1052 1760 ἢ
1077 1676 1114 1743 έν

42 1800 76 1848 15
98 1785 199 1870 λόγῳ,
233 1782 420 1869 ἀφῃρήσθω
448 1784 485 1846 τὸ
514 1778 619 1847 δοθέν
646 1779 787 1865 μέγεθος
809 1783 958 1847 τὸ’ΔΗ·
992 1787 1115 1849 λοιποῦ

95 1891 160 1974 ἄρα
187 1899 247 1954 τοῦ
271 1892 343 1954 HE
367 1891 450 1975 πρὸς
477 1890 513 1953 τὸ
539 1892 571 1952 Γ
594 1891 692 1970 λόγος
706 1887 789 1953 ’ἐστὶ
817 1888 942 1965 δοθείς.
988 1889 1047 1953 διὰ
1075 1889 1116 1953 τὰ

95 1995 180 2059 αὐτὰ
208 1996 249 2079 δη
276 1995 332 2061 καὶ
359 2004 420 2060 τοῦ
444 1998 505 2058 ΖΒ
532 1995 616 2081 πρὸς
642 1996 679 2059 τὸ
704 1997 736 2058 Γ
759 1997 857 2078 λόγος
885 1993 954 2061 ἐστὶ
983 1995 1115 2075 δοθείς·

95 2099 151 2164 καὶ
173 2111 233 2165 τοῦ
254 2106 315 2165 ΖΒ
339 2103 403 2187 ἄρα
425 2102 509 2186 πρὸς
530 2102 567 2165 τὸ
586 2104 659 2164 ΗΕ
679 2102 778 2182 λόγος
802 2098 871 2166 έστὶ
894 2102 1019 2179 δοθείς.
1057 2098 1115 2169 κοιλ
1199 2112 1200 2115 ’

96 2210 287 2292 πρόσκειται
315 2206 429 2282 αὐτοῖς
456 2203 617 2289 δεδομένα
644 2205 769 2290 μεγέθη
792 2207 832 2271 τδι
855 2211 933 2290 ΑΖ,
951 2210 1049 2272 ΔΗ··
1074 2208 1116 2272 τὰ

38 2327 77 2376 20
98 2314 158 2378 ὅλοι
186 2315 251 2398 όροι
279 2314 318 2376 τὰ
341 2316 422 2395 ΑΒ,
439 2315 510 2383 ΔΕ
540 2312 623 2396 πρὸς
650 2312 776 2395 όλληλοι
807 2314 881 2396 ἦτοι
913 2316 1016 2395 λόγον
1049 2316 1115 2399 ἔχει

97 2417 288 2502 δεδομένον,
307 2416 327 2500 ἢ
346 2418 382 2482 τὸ
396 2415 509 2501 ἕτερον
527 2425 588 2480 τοῦ
603 2413 720 2502 ἑτέοοό
736 2415 872 2482 δοθέντι
891 2420 1003 2501 μεῖζόν
1022 2417 1115 2483 ἐστιν
1199 2433 1200 2496 ,

96 2522 117 2606 ἢ
142 2523 178 2588 έν
201 2526 298 2610 λόγῳ.
615 2609 623 2631 Ι
1199 2509 1200 2512 ¹

577 2635 633 2694 ιη.

161 2733 238 2799 Ἐὰν
269 2730 290 2822 γτ
318 2737 393 2819 τρία
421 2733 560 2819 μεγέθη,
592 2736 629 2800 ἓν
656 2732 694 2801 δὲ
723 2736 835 2802 αὐτῶν
861 2732 1019 2821 ἑκατέρου
1046 2716 1117 2802 τῶν

41 2855 77 2904 25
98 2846 223 2906 λοιπῶν
251 2841 387 2906 δοθέντι
410 2844 520 2925 μεῖζον
551 2835 573 2928 ᾖ
600 2840 621 2923 ἢ
649 2839 686 2906 έν
713 2844 816 2929 λόγῳ,
846 2843 887 2906 τὰ
918 2842 1019 2908 λοιπὰ
1048 2842 1116 2908 δύο

169 3039 193 3087 4.
214 3026 244 3105 ᾖ]
265 3049 317 3087 om.
333 3035 350 3104 β
369 3035 485 3102 (nona).
559 3038 583 3087 5,
603 3029 731 3104 δοθέντι]
752 3049 836 3102 supra
851 3049 902 3087 ser.
917 3051 954 3088 m.
970 3038 985 3086 1
1001 3033 1027 3105 β.
1091 3036 1115 3088 ’1.
1199 3014 1200 3055 ¹

98 3104 155 3174 ἔχει
174 3105 198 3175 β.
273 3110 314 3158 11.
336 3103 402 3175 ἔχει]
422 3120 490 3163 corr.
506 3119 540 3158 ex
559 3102 606 3176 έχη
625 3121 661 3158 m.
677 3109 692 3157 2
707 3121 734 3158 v.
806 3109 847 3158 12.
867 3100 997 3176 δοθέντι]
1017 3119 1074 3159 om
1088 3121 1115 3159 v,

135 3180 176 3228 14.
202 3174 262 3228 ἐπεὶ
286 3173 339 3245 γὰρ
362 3175 393 3229 τὸ
413 3176 489 3300 ΔΕᾸ
512 3173 672 3247 ἀφῃρήσθω
694 3175 725 3229 τὸ
750 3171 840 3229 δοθέν
859 3172 981 3245 μέγεθος
997 3175 1030 3231 τὸ
1049 3181 1074 3230 Α
1081 3178 1115 3229 Ζ·

96 3248 198 3299 λοιποῦ
218 3245 274 3314 ἄρα
292 3254 341 3300 τοῦ
363 3249 412 3299 ΖΒ
435 3263 472 3314 πρ
491 3266 505 3307 ς
522 3245 553 3299 τὸ
574 3249 600 3298 Γ
619 3245 700 3315 λόγος
723 3245 779 3299 ἐστὶ
802 3243 909 3309 δοθείς.
946 3243 1034 3302 πάλιν
1053 3245 1118 3301 ἐπεὶ

96 3316 129 3370 τὸ
151 3320 207 3370 ΕΔ
226 3333 251 3371 a.
325 3322 366 3370 16.
386 3314 488 3370 διά-
509 3320 550 3370 17.
569 3312 630 3387 καί]
650 3333 703 3370 om.
723 3333 748 3370 a.
807 3321 849 3370 16.
868 3315 904 3370 τὰ
921 3314 1008 3389 αὐτοὶ]
1025 3325 1116 3372 ταῦτα

97 3385 164 3440 Vat.
240 3393 280 3442 17.
303 3389 363 3460 ZB]
384 3391 451 3440 Γο.
500 3389 564 3458 ,Γ]
586 3390 634 3441 ΖΒ
653 3404 679 3441 ε.
752 3391 794 3441 18.
814 3386 882 3458 boa]
902 3403 955 3442 om.
971 3403 998 3443 ε.
1068 3390 1118 3443 δο-

96 3455 174 3528 θεός]
194 3475 247 3513 om.
267 3476 291 3513 ιι.
365 3464 408 3513 20.
427 3456 473 3529 τό]
494 3474 546 3512 om.
567 3474 592 3512 a.
665 3462 707 3512 25.
726 3449 756 3529 ᾗ]
777 3473 830 3512 om.
850 3459 875 3528 β.
