2400 3840
124 162 189 226 256
288 166 417 217 mmm
434 165 654 217 PHILOSOPHI
673 166 957 218 οοαιιωοιιαιοε

123 309 224 371 ποίαν
247 306 428 391 ἐπιστήμην
455 306 611 390 ἀνάγεται
638 305 694 372 καὶ
721 308 772 372 ὅτι
795 306 1027 393 χρησιμωτάτη
1052 307 1141 374 ἐστὶν

124 411 145 495 ή
167 411 243 497 περὶ
266 413 370 477 αὐτοῦ
393 417 529 498 θεωρία.
566 416 779 498 προσκείσθω
803 409 841 478 δέ
863 425 933 491 τοῖς
955 413 1144 501 εἰρημένοις

124 516 179 582 καὶ
202 517 222 600 ἡ
246 520 435 605 περιγραφή
458 528 516 602 τῆς
537 517 614 603 περὶ
637 519 742 584 αὐτοῦ
766 518 952 605 ἐπιστήμης.
989 523 1083 586 ἔσται
1101 522 1143 607 δή

125 625 223 708 αὕτη,
251 625 296 701 ὡς
319 624 355 689 έκ
377 635 445 689 τῶν
467 623 650 710 εἰρημένων
677 627 841 709 φανερόν,
868 625 1053 710 κατάληψις
1075 639 1144 693 τῶν

90 730 315 815 σδεδομένων
345 732 429 795 κατὰ
460 731 569 795 πάντα
599 733 724 816 τρόπον
760 727 816 795 καί
850 742 918 796 τῶν
948 731 1026 818 περὶ
1059 734 1144 799 αὐτὰ

125 840 387 922 συμβαινόντων.
434 838 528 913 ἰδίως
551 834 588 902 δὲ
610 835 667 902 καὶ
690 836 736 913 ὡς
757 837 841 921 πρὸς
863 839 901 902 τὸ
924 841 1144 924 προκείμενον

124 948 257 1028 βιβλίον
279 942 427 1026 λεγέσθω
451 938 535 1008 εἶναι
554 943 699 1027 μέθοδος
716 946 924 1026 στοιχείωσιν
941 944 1142 1030 περιέχουσα

125 1058 183 1133 της
206 1051 284 1132 ὅλης
311 1048 387 1135 περὶ
414 1062 482 1115 τῶν
505 1047 693 1134 δεδομένων
716 1048 906 1133 ἐπιστήμης·
939 1049 1004 1129 ἔξει
1027 1049 1065 1117 δὲ
1087 1050 1145 1117 καί

126 1157 209 1240 αὐτή
236 1158 274 1220 τὸ
304 1158 467 1241 χρήσιμον
494 1155 690 1231 ἀκολούθως
718 1152 774 1220 καὶ
801 1156 842 1220 τὰ
864 1158 948 1220 ἄλλα
975 1158 1060 1222 κατὰ
1081 1160 1145 1242 τήν

73 1277 108 1324 10
126 1261 302 1346 ἀναφορὰν
332 1263 394 1345 τήν
425 1262 510 1347 πρὸς
540 1263 578 1326 τὸ
607 1260 796 1345 δεδομένον.
850 1259 1005 1349 διήρηται
1036 1259 1074 1329 δὲ
1106 1266 1144 1329 τὸ

125 1370 259 1450 βιβλίον
281 1368 364 1452 πρὸς
386 1368 426 1432 τὰ
449 1376 509 1432 τοῦ
533 1366 715 1451 δεδομένου
734 1368 821 1451 εἰδη,
844 1365 899 1432 καὶ
918 1370 955 1433 τὸ
974 1365 1036 1452 μὲν
1053 1381 1144 1456 πρῶ-

125 1495 184 1538 τον
217 1474 320 1539 αὐτοῦ
348 1482 457 1557 τμῆμα
484 1472 625 1559 περιέχει
657 1474 698 1537 τά
725 1475 808 1538 κατὰ
840 1477 942 1556 λόγον
969 1474 1144 1560 δεδομένοι,

125 1581 163 1644 τὸ
196 1576 233 1644 δὲ
261 1581 418 1665 δεύτερον
449 1581 490 1645 τδι
516 1591 556 1666 τῇ
583 1579 691 1645 θέσει·
724 1578 778 1645 ἐπὶ
805 1577 843 1645 δὲ
870 1582 1002 1657 τούτοις
1028 1582 1070 1646 τδι
1097 1591 1144 1670 τῷ

126 1688 219 1751 εἰδει·
243 1686 372 1751 ἁπλοῦν
390 1681 515 1772 γὰρῆν
539 1687 575 1751 τὸ
594 1683 669 1771 περὶ
692 1697 761 1751 τῶν
783 1685 916 1770 μεγέθει
939 1685 1142 1772 δεδομένων,

75 1807 108 1855 15
127 1791 347 1878 κατέσπαρται
370 1789 408 1856 δὲ
429 1789 485 1856 καὶ
508 1801 611 1856 ταῦτα
634 1802 776 1876 μερικῶς
798 1790 836 1856 ἐν
858 1803 928 1868 τοῖς
950 1793 1065 1870 ἄλλοις
1087 1791 1144 1858 καί

126 1898 267 1981 μάλιστα
290 1897 327 1962 ἐν
349 1910 419 1974 τοῖς
441 1899 523 1962 κατὰ
546 1899 583 1963 τὸ
607 1893 696 1975 εἰδος
718 1896 918 1981 δεδομένοις.
959 1896 1082 1983 ήρξατο
1106 1896 1145 1964 δὲ

126 2003 190 2069 ἀπὸ
209 2017 276 2070 τῶν
295 2008 381 2092 λόγῳ
401 2002 456 2069 καὶ
469 2002 564 2069 θέσει
583 2002 782 2087 δεδομένων,
807 2001 876 2068 ἐπεὶ
893 2001 949 2068 καὶ
964 2002 1000 2095 ἐκ
1012 2005 1145 2070 τούτων

125 2115 319 2176 συνίσταται
351 2113 392 2175 τὰ
422 2120 468 2198 τῷ
501 2111 581 2175 εἰδει
613 2108 783 2193 δεδομένα.
836 2107 892 2173 καί
919 2111 1028 2187 ἄλλως
1056 2106 1094 2174 δὲ
1121 2109 1142 2193 ή

126 2217 287 2302 διαίρεσις
309 2217 399 2304 αὐτῷ
421 2225 482 2281 τοῦ
504 2219 637 2301 βιβλίου
661 2213 843 2299 γεγένηται,
867 2221 915 2292 εἰς
936 2239 972 2280 τε
995 2217 1036 2281 τὰ
1058 2215 1140 2282 καθ’

73 2334 108 2383 20
127 2323 206 2387 ὅλου
230 2321 353 2406 μεγέθη
376 2321 432 2387 καί
453 2325 500 2399 εἰς
522 2323 675 2408 γραμμὰς
696 2320 753 2386 καί
771 2321 907 2386 ἐπίπεδα
929 2319 986 2386 καὶ
1003 2325 1145 2389 κυκλικά

126 2430 333 2511 θεωρήματα.
379 2437 419 2512 τῇ
443 2424 479 2492 δὲ
503 2428 601 2515 ὁμοία
622 2426 711 2506 τάξει
735 2427 894 2515 ἐχρήσατο
917 2425 973 2492 καὶ
997 2427 1143 2495 ἐπὶτῶν

126 2532 216 2616 ὅρων
247 2534 320 2615 ήτοι
352 2531 547 2598 ὑποθέσεων
577 2543 638 2598 τοῦ
667 2537 810 2618 βιβλίου.
869 2536 981 2621 τρόπω
1014 2532 1053 2600 δὲ
1083 2545 1144 2619 τῆς

126 2638 342 2715 διδασκαλίας
373 2639 414 2703 οὐ
441 2649 487 2727 τῷ
516 2641 599 2704 κατὰ
627 2641 790 2706 σύνθεσιν
821 2639 970 2705 ἐνταῦθα
1001 2639 1144 2722 ήκολού-

126 2751 242 2828 θησεν,
265 2745 349 2810 ἀλλά
371 2755 416 2833 τῷ
440 2746 523 2810 αατά
546 2745 719 2831 ἀνάλυσιν,
745 2747 791 2822 ὡς
812 2745 830 2811 δ
854 2745 997 2822 Ποίππος
1021 2748 1144 2825 ίκανῶς

72 2864 107 2913 25
126 2849 295 2930 ἀπέδειξεν
318 2851 355 2916 ἐν
377 2863 447 2928 τοῖς
470 2855 517 2928 εἰς
538 2853 576 2916 τὸ
599 2855 732 2936 βιβλίον
755 2852 999 2936 ὑπομνήμασιν.

197 3049 238 3098 14.
257 3043 301 3115 τό]
320 3043 350 3096 in
368 3059 422 3098 ras,
441 3060 472 3111 η
491 3062 541 3098 τωι
558 3043 588 3097 P.
655 3049 695 3096 15.
716 3052 833 3112 μερικῶς
864 3062 984 3113 μερικων
1003 3043 1034 3098 Ρ.
1098 3051 1141 3100 19.

125 3113 283 3186 γεγένηται]
302 3113 417 3184 γέγονεν
436 3113 500 3168 Vat.
574 3117 616 3167 20.
636 3111 755 3184 μεγέθη]
774 3118 889 3183 μεγέθει
907 3114 1009 3182 Vat.v;
1029 3114 1060 3168 in
1073 3115 1141 3170 Vat.

125 3203 192 3241 corr.
213 3205 248 3240 m.
269 3192 292 3240 2.
365 3182 415 3240 καί
429 3184 512 3256 (αλλ.)]
532 3201 584 3239 om.
604 3203 630 3239 v.

524 3403 737 3413 —u———-—¹
