2400 3840
120 151 186 240 '204
535 177 724 230 ΑΡΡΕΝοΙΧ.

120 318 367 404 ἀναγεγράφθω
404 321 445 403 δὴ
483 318 547 383 ἀπὸ
582 327 639 402 τῆς
672 323 740 383 ΚΛ
776 320 984 405 τετράγωνον
1020 319 1058 383 τὸ
1092 319 1136 392 Ξ·

120 424 252 493 δέδοται
280 427 344 511 ἀρα
370 427 408 490 τὸ
432 425 462 498 Ξ
486 433 532 513 τῷ
561 426 655 489 εῖδει·
689 428 786 507 λόγος
813 427 877 509 ἀρα
904 433 964 489 τοῦ
987 429 1027 490 Ν
1052 427 1137 511 πρὸς

119 533 156 596 τὸ
181 531 211 605 Ξ
236 533 358 608 δοθείς.
404 527 508 597 δοθὲν
533 526 570 595 δὲ
592 531 630 596 τὸ
653 536 704 595 Ν·
737 528 841 596 δοθὲν
864 533 928 617 ἀρα
951 529 1068 596 καὶτὸ
1093 531 1136 605 Ξ·

18 631 21 637 ’
47 679 50 684 -
120 639 259 703 δοθεῖσα
282 640 347 722 ἀρα
370 634 460 702 ἐστὶν
480 637 502 720 ἡ
521 640 593 701 ΚΛ.
631 639 700 702 ἔστι
718 633 755 701 δὲ
773 635 829 701 καὶ
847 638 868 720 ἡ
886 640 926 701 Η
929 641 957 700 Θ
980 638 1136 702 δοθεῖσα·

85 747 217 827 σλόγος
244 745 309 828 ἀρα
336 742 405 808 έστλ
432 751 490 825 τῆς
517 746 588 806 ΗΘ
614 744 698 827 πρὸς
724 744 882 826 τὴνΚΛ
909 745 1033 819 δοθείς.
1067 747 1139 809 ’καί

115 849 210 914 έσνιν
233 850 278 926 ὡς
300 850 320 932 ἡ
339 853 411 914 ΗΘ
432 850 516 934 πρὸς
538 850 600 932 τὴν
622 852 697 932 ΚΛ,
721 848 827 926 οὕτως
849 848 869 932 ἡ
890 853 951 913 ΓΛ
972 851 1056 934 πρὸς
1075 851 1137 933 τὴν

119 960 196 1020 ΕΖ·
230 954 328 1038 λόγος
359 957 422 1041 άρα
454 952 511 1020 καλ
539 964 597 1038 τῆς
625 958 686 1019 ΓΔ
716 955 800 1040 πρὸς
827 957 888 1039 τὴν
915 959 979 1019 ΕΖ
1011 957 1136 1032 δοθείς.

119 1065 177 1151 καί
193 1061 283 1125 ἐστιν
302 1061 418 1144 ὅμοιον
436 1060 473 1124 τὸ
488 1066 521 1124 Α
539 1069 585 1147 τῷ
601 1064 642 1125 Β·
666 1057 722 1124 καλ
736 1061 773 1124 αλ
785 1057 898 1124 λοιπαὶ
916 1062 980 1145 ἀρα
994 1059 1136 1147 πλευραὶ

118 1166 203 1249 πρὸς
225 1165 283 1240 τάς
306 1164 422 1240 λοιπάς
444 1166 590 1250 πλευράς
613 1168 714 1247 λόγον
738 1164 848 1244 ἕξουσι
872 1164 1062 1250 δεδομένον.

49 1285 101 1332 110
186 1271 229 1353 μὴ
248 1272 329 1334 ἔστω
350 1270 391 1353 δὴ
411 1270 540 1353 ὅμοιον·
565 1270 761 1349 ἀκολούθως
779 1273 820 1357 δὴ
839 1283 879 1357 τῇ
896 1270 1042 1359 προτέρᾳ
1056 1272 1137 1337 ἀπο-

119 1373 227 1452 δείξει-
240 1384 300 1439 τοῦ
322 1376 463 1459 πρώιον·
482 1376 659 1440 δείκνυται.

602 1555 651 1618 12.

499 1657 552 1723 Ad
574 1679 671 1753 μεορ.ι
688 1658 755 1724 LV.

546 1771 701 1859 ’Ἄλλως
1067 1827 1071 1834 -

67 1901 100 1950 15
175 1886 283 1952 Ἔστω
306 1893 430 1975 χωρίον
452 1890 490 1955 τὸ
509 1892 661 1953 ΚΛΜΝ
662 1888 693 1961 Ξ
713 1889 893 1972 δεδομένον
911 1899 957 1978 τῷ
977 1892 1058 1956 εῖδει
1080 1890 1136 1956 καὶ

119 2003 164 2081 τῷ
183 1993 329 2078 μεγέθει·
353 1994 448 2079 λέγω,
472 1996 523 2060 ὅτι
542 1993 597 2059 καὶ
616 1996 653 2059 αλ
668 1992 808 2080 πλευραὶ
831 1995 936 2060 αὐτοῦ
960 1997 1134 2082 δεδομέναι

27 2139 31 2145 ·
119 2098 183 2165 εάσλ
206 2110 251 2187 τῷ
275 2100 417 2185 μεγέθει.
1023 2087 1029 2096 ’
1087 2098 1090 2103 ’

185 2206 431 2292 ἀναγεγράφθω
447 2209 510 2294 γάρ
526 2207 590 2272 ἀπὸ
604 2216 662 2291 τῆς
676 2212 759 2272 ΜΝ
770 2191 979 2293 τετράγωνον
992 2210 1030 2274 τὸ
1045 2216 1090 2275 Μ
1092 2216 1133 2276 0·

119 2309 250 2376 δέδοται
273 2314 338 2398 ἀρα
361 2322 411 2401 ,τῷ
431 2307 524 2387 εῖδει.
571 2313 655 2377 ἀλλά
681 2311 737 2377 καλ
765 2315 801 2378 τὸ
825 2318 911 2379 ΛΝ·
944 2318 1043 2397 λόγος
1070 2318 1135 2403 ἀρα

65 2430 100 2478 20
119 2415 188 2480 ἐστὶ
210 2425 270 2481 τοῦ
293 2422 369 2483 ΛΝ
387 2420 470 2504 πρὸς
492 2421 529 2483 τὸ
554 2423 629 2484 Mo
652 2420 776 2494 δοθείς.
818 2417 923 2485 δοθέν
947 2418 984 2485 δὲ
1006 2423 1044 2487 τὸ
1064 2427 1139 2489 ΛΝ

117 2530 163 2608 τῷ
186 2519 332 2604 μεγέθει·
363 2520 468 2589 δοθὲν
494 2526 558 2610 ἀρα
580 2522 696 2589 καὶτὸ
720 2529 794 2589 Mo
819 2534 865 2612 τῷ
888 2525 1049 2610 μεγέθει.
1077 2533 1137 2594 καί

118 2625 187 2690 ἐστι
210 2626 418 2713 τετράγωνον
440 2631 477 2695 τὸ
503 2630 566 2696 ἀπὸ
589 2640 647 2714 τῆς
670 2635 764 2696 ΜΝ·
788 2628 892 2696 δοθὲν
914 2634 979 2718 ἀρα
1002 2632 1072 2699 έσνλ
1095 2637 1133 2700 τὸ

117 2732 181 2796 ἀπὸ
206 2742 263 2816 τῆς
285 2740 379 2800 ΜΝ·
410 2737 550 2802 δοθεῖσα
573 2739 638 2823 ἀρα
662 2735 752 2802 έσιλν
774 2735 794 2819 ἡ
818 2742 902 2801 ΜΝ
911 2730 965 2826 Ιτῷ
989 2739 1133 2823 μεγέθει.

118 2840 174 2904 διά
200 2840 241 2904 τά
268 2841 352 2905 αὐτά
380 2843 422 2926 δὴ
449 2841 504 2908 καλ
532 2841 651 2926 ἑκάστη
674 2855 741 2909 τῶν
764 2836 949 2927 ΜΛ,’ΛΚ,
972 2845 1048 2930 ΚΞ,
1067 2846 1139 2919 ΞΝ

65 2957 99 3005 2ο
119 2946 258 3011 δοθεῖσά
282 2946 419 3036 ἐστιτῷ
443 2948 585 3033 μεγέθει.

189 3091 213 3140 1.
233 3085 457 3178 ἀναγεγράφθω]
477 3085 689 3212 ἀναγέγραπται
702 3088 729 3142 b.
784 3088 844 3158 τῆς]
864 3104 932 3142 corr.
949 3104 983 3142 ex
996 3097 1052 3144 τῶν
1067 3096 1132 3144 m.2

117 3157 181 3210 Vat.
256 3164 280 3211 2.
301 3157 381 3230 εῖδει]
401 3156 516 3228 μεγέθει
556 3201 561 3212 .
634 3165 659 3213 4.
680 3158 746 3231 έσιι]
768 3157 840 3214 ἔστιν
859 3177 885 3213 v.
946 3157 1010 3232 καί]
1026 3177 1084 3215 om.
1104 3161 1132 3216 b.

153 3232 177 3280 5.
198 3226 270 3282 ἐστὶν
285 3227 342 3297 ἀρα
360 3247 409 3287 2.,
443 3227 514 3300 έστλ]
533 3227 583 3283 καλ
600 3228 673 3299 Vah,
693 3247 746 3283 om.
761 3230 788 3284 b.
844 3234 868 3283 8.
889 3228 974 3302 ἐστιν]
995 3247 1048 3285 om.
1064 3230 1130 3286 vat.

153 3297 220 3369 ἀρα]
240 3315 293 3353 om.
313 3300 340 3354 b.
423 3305 447 3354 9.
467 3298 567 3362 λοιπάς
585 3299 641 3368 ἀρα
660 3300 686 3354 b.
769 3305 811 3356 10.
830 3297 952 3368 προτέρα
971 3299 1129 3374 ἀποδείξει]

117 3370 210 3439 πρώτῃ
230 3367 315 3434 δείξει
333 3371 360 3424 b.
435 3376 476 3425 17.
497 3368 566 3425 εἰσίν
585 3371 637 3424 Pv.
711 3377 752 3425 20.
773 3369 845 3442 ἐστέ]
866 3387 919 3425 om.
934 3355 961 3425 λ).
1023 3373 1136 3427 νδΛΝ

118 3469 151 3487 .-
170 3445 212 3492 21.
233 3442 306 3511 ΜΟ]
326 3458 380 3494 om.
399 3441 426 3495 b.
500 3448 542 3496 21.
562 3439 611 3496 καί
625 3443 697 3514 (pr.)]
717 3459 802 3510 supra
820 3442 884 3496 add.
900 3448 967 3496 m.2
987 3460 1013 3496 v.
1088 3449 1133 3498 25.

117 3508 190 3561 Ante
210 3508 266 3562 ἐστι
285 3511 349 3565 add.
369 3512 425 3580 άρα
443 3510 470 3566 b.
544 3511 618 3567 ἐστιν
636 3530 661 3567 v.
926 3520 928 3525 '
1028 3534 1033 3542 ·
