2400 3840
534 159 741 215 ΔΕΔΟΜΕΝΑ.

606 352 669 437 λγ’.

193 478 270 545 Ἐὰν
298 481 346 556 είς
368 481 600 566 παραλλήλους
627 489 666 564 τῇ
689 477 784 544 θέσει
810 477 994 564 δεδομένας
1017 480 1152 557 εὐθείας

129 587 245 651 εὐθεῖα
268 588 400 672 γραμμή
424 585 513 671 ἀχθῇ
538 584 698 669 δεδομένη
722 595 767 673 τῷ
792 583 940 670 μεγέθει,
968 585 1152 670 δεδομένας

128 695 258 774 ποιήσει
281 696 413 775 γωνίας.

94 810 109 858 5
195 799 242 875 είς
269 799 329 884 γὰρ
357 800 590 884 παραλλήλους
616 808 655 883 τη
682 795 777 862 θέσει
805 795 986 882 δεδομένας
1013 798 1152 875 εὐθείας

129 905 187 981 τοῖς
215 909 291 988 AB,
310 908 371 969 ΓΛ
400 904 515 969 εὐθεῖα
542 904 674 988 γραμμή
702 905 797 987 ήχθω
824 904 845 987 ἡ
873 908 953 987 ΕΖ,
986 903 1153 989 δεδομένη

129 1021 174 1098 τῷ
198 1008 340 1095 μεγέθει.
387 1008 486 1092 λέγω,
513 1009 564 1074 ὅτι
588 1007 769 1093 δεδομένας
790 1010 922 1092 ποιήσει
945 1013 1071 1091 γωνίας
1094 1012 1155 1087 τὰς

129 1116 195 1180 οπο
218 1127 286 1181 τοι
309 1120 418 1198 ΒΕΖ,
435 1120 541 1179 ΕΖΔ.

200 1223 351 1305 εἰλήφθω
374 1222 438 1307 γὰρ
463 1218 516 1285 ἐπὶ
535 1229 592 1303 τής
610 1225 676 1285 ΑΒ
700 1218 805 1286 δοθέν
824 1231 960 1305 σημεῖον
979 1221 1018 1286 τδ
1036 1225 1079 1286 Η
1097 1220 1154 1287 καὶ

77 1338 111 1388 10
131 1327 187 1390 διὰ
209 1335 270 1421 τοῦ
288 1331 328 1391 Η
348 1336 387 1412 τῇ
411 1331 475 1391 ΕΖ
498 1326 709 1412 παράλληλος
730 1327 826 1411 ήχθω
849 1326 968 1409 ἡΗΘ.
1007 1333 1062 1410 ίση
1087 1329 1155 1414 ὐίρα

131 1430 221 1496 ἐστίν
244 1431 264 1513 ἡ
286 1437 350 1496 ΖΕ
371 1443 411 1518 τη
430 1437 470 1496 Η
473 1437 509 1496 Θ.
547 1433 688 1498 δοθεῖσα
712 1429 748 1497 δέ
770 1433 791 1516 ἡ
814 1437 891 1497 ΕΖ·
920 1433 1062 1498 δοθεῖσα
1087 1435 1155 1520 ἄρα

130 1536 185 1602 καὶ
208 1538 228 1621 ἡ
252 1542 292 1602 Η
296 1543 332 1602 Θ.
369 1541 428 1603 καί
448 1537 517 1603 ἐστι
540 1538 577 1602 τδ
600 1543 640 1603 Η
659 1537 773 1604 δοθέν.
811 1539 917 1625 ὁίίρα
939 1537 1066 1627 κέντρῳ
1091 1537 1155 1624 μέν

131 1653 176 1731 τῷ
196 1648 242 1727 H,
266 1646 461 1729 διαστήματι
481 1641 517 1709 δὲ
536 1655 581 1733 τῷ
597 1650 637 1711 Η
641 1650 669 1710 Θ
691 1646 812 1722 κύκλος
830 1648 1041 1731 γραφόμενος
1059 1649 1154 1712 ἔσται

131 1762 170 1837 πή
197 1750 301 1816 θέσει.
347 1751 529 1838 γεγράφθω
562 1750 618 1817 καὶ
650 1751 779 1816 ἔστωδ
807 1755 917 1816 ΚΘΛ.
963 1751 1058 1816 θέσει
1087 1754 1154 1839 ἄρα

80 1868 113 1917 15
133 1855 223 1922 ἐστὶν
247 1857 264 1922 ὁ
288 1860 396 1922 ΚΘΛ.
441 1857 535 1922 θέσει
563 1853 599 1922 δέ
621 1854 677 1922 καὶ
700 1856 720 1939 ἡ
745 1861 815 1922 ΓΛ.
862 1853 967 1922 δοθέν
989 1859 1054 1943 ἄρα
1082 1856 1154 1923 ἐστὶ

131 1964 168 2028 τὸ
194 1968 222 2028 Θ
251 1975 396 2048 σημεῖον.
447 1966 515 2028 ἔστι
543 1960 580 2028 δέ
608 1961 724 2028 καὶτὸ
747 1968 788 2029 Η
810 1962 928 2029 δοθέν
961 1961 1100 2028 θέσει’
1087 1966 1153 2051 οίρα

131 2068 222 2136 ἐστὶν
244 2070 265 2153 ή
288 2075 328 2134 Η
331 2075 367 2135 Θ
405 2068 498 2135 θέσει
522 2066 558 2134 δέ
580 2066 636 2133 καὶ
659 2068 679 2151 ἡ
700 2072 769 2134 ΓΔ.
807 2070 991 2134 δοθεῖσα”
970 2093 1035 2156 αρα
1058 2069 1154 2136 ἐστὶν

131 2175 240 2258 ήύπδ
259 2185 327 2240 τῶν
350 2179 390 2238 Η
394 2179 456 2239 ΘΔ
478 2177 594 2257 γωνία.
638 2177 696 2239 καί
717 2173 786 2240 ἐστι
809 2186 848 2261 τῇ
871 2175 937 2240 ὑπὸ
960 2185 1029 2241 τῶν
1052 2181 1153 2242 ΕΖΔ

68 2351 71 2357 ,
134 2274 197 2364 ἴση.
244 2282 383 2345 δοθεῖσα
411 2281 475 2364 ἄρα
502 2279 557 2344 καὶ
585 2281 605 2364 ἡ
632 2280 698 2346 ὑπὸ
717 2291 793 2366 ντῖον
816 2285 922 2345 ΕΖΔ.
968 2279 1024 2346 καὶ
1052 2285 1154 2367 λοιπή

80 2396 115 2446 20
134 2389 198 2473 ἄρα
223 2386 242 2469 ή
265 2385 332 2450 ὐπὸ
355 2395 424 2449 τῶν
443 2389 539 2450 ΖΕΒ
565 2386 706 2451 δοθεῖσα
729 2386 829 2452 ἐστιν.

608 2578 672 2645 λδ’.

197 2701 275 2766 Ἐδιν
297 2676 345 2779 είς
367 2704 600 2789 παραλλήλους
626 2712 665 2788 τῇ
689 2701 782 2768 θέσει
811 2702 990 2788 δεδομένας
1016 2704 1155 2783 εὐθείας

134 2809 198 2874 ἀπὸ
223 2806 404 2894 δεδομένου
423 2814 561 2894 σημείου
581 2810 697 2875 εὐθεῖα
715 2812 848 2895 γραμμὴ
867 2808 967 2896 ἀχθῇ,
990 2812 1039 2888 είς
1058 2812 1155 2878 δεδο-

134 2913 236 2999 μένον
258 2918 360 2998 λόγον
382 2917 595 3000 τμηθήσεται.

206 3147 229 3196 ι.
254 3140 324 3213 γαρ]
348 3159 433 3211 supra
456 3142 521 3198 add
545 3161 581 3199 m
602 3147 667 3196 tv
759 3142 875 3213 οειι]
900 3142 954 3198 αα
978 3161 1015 3198 m
1036 3143 1154 3215 ινα,
1172 3113 1177 3122 ’

135 3229 233 3266 οντα
308 3218 349 3268 11.
369 3213 438 3266 Post
458 3216 511 3268 ΕΖ
530 3214 595 3269 οὐδ
616 3209 730 3283 εεθει
748 3212 873 3268 PVatv
947 3219 989 3268 12
1009 3189 1154 3303 τό]τῇα

171 3288 212 3337 13
232 3304 267 3337 κυ
251 3283 346 3356 ὐκλος]
365 3300 454 3353 comp
470 3302 495 3339 α
570 3289 611 3340 14
616 3232 699 3337 μΡοεῖ
712 3281 792 3338 θέσει
802 3286 864 3354 (pr)
879 3283 942 3338 add.
959 3283 1154 3354 δεδομένοςο

169 3352 376 3424 γεγράφθω-
397 3372 424 3424 p
445 3360 548 3424 5810.
569 3351 660 3410 δοθὲν
679 3353 747 3426 ἄρα]
772 3371 825 3410 om.
845 3353 940 3421 δείους
969 3371 1067 3410 eorum
1089 3356 1154 3411 Ιοοο

133 3427 248 3492 propter
261 3425 527 3480 transmutationem
536 3426 669 3481 foliorum
683 3427 719 3494 (u.
729 3425 829 3495 praef.)
842 3424 1056 3496 reperiunturp.
1065 3433 1108 3496 76,
1120 3433 1154 3482 16

65 3558 94 3622 h
134 3494 328 3563 τριγώνου-
351 3513 378 3564 p.
401 3501 444 3564 80,
469 3496 554 3550 tent
575 3497 627 3567 τιὴ
649 3499 709 3550 ΑΓ.
802 3501 843 3550 18.
871 3497 976 3567 ΗΘΔ]
1002 3499 1054 3553 ΘΔ
1076 3497 1154 3568 vat,
