2400 3840
116 166 182 229 244
281 169 410 220 mmm
427 168 649 220 PHILOSOPHI
668 142 952 221 coMMnNTA'ssms

117 315 249 398 τρόπον.
301 310 322 393 ἡ
350 311 414 394 γάρ
442 308 509 386 ἕλιξ
538 309 688 375 τέτακται
715 309 790 394 μέν,
818 308 975 375 ἀλλὀὐκ
998 304 1041 392 ἦν
1066 320 1137 385 τοῖς

116 420 181 503 πρὸ
202 416 420 503 Ἀρχιμήδους
441 420 574 502 πορίμη.
611 415 667 482 καὶ
689 418 730 481 τὰ
753 417 937 503 ἀπειραχῶς
960 412 998 480 δέ
1021 419 1136 499 γιγνό-

116 547 199 607 μενα
226 521 281 588 καὶ
310 521 456 599 ἀτάκτως
483 525 607 608 πόριμα
634 522 696 607 μέν
723 523 828 606 ἐστιν,
861 521 919 587 έάν
946 523 1009 606 την
1035 546 1137 587 κατα-

118 631 240 714 σκευὴν
264 629 379 714 ἐπινοῇ
398 652 448 705 τις
471 629 583 694 αὐτῶν
605 627 661 693 καὶ
683 631 744 712 την
768 630 939 711 σύστασιν,
963 626 1076 693 οὐκέτι
1100 625 1138 693 δέ

83 753 99 802 5
118 733 173 800 καὶ
192 734 380 820 τεταγμένα.
422 727 495 799 οἷον
514 736 681 818 σκαληνὸν
699 738 865 820 τρίγωνον
884 735 1059 818 ἐπινοῆσαι
1082 733 1140 800 καλ

118 844 166 919 είς
188 843 250 926 την
272 843 477 925 κατασκευὴν
496 843 600 907 αὐτοῦ
619 842 798 925 ἀναγαγεῖν
816 843 877 925 την
896 841 1054 906 διάνοιαν
1073 841 1139 907 ἀπὸ

118 957 178 1012 τοῦ
199 949 397 1033 ἰσοπλεύρου
417 948 458 1012 οῦ
474 949 617 1032 χαλεπὸν
636 946 708 1013 ἀλλ’
725 948 924 1033 εὐποριστόν
943 948 1045 1032 ἐστιν,
1065 951 1138 1013 καί-

118 1077 170 1118 τοι
193 1066 261 1119 τῶν
284 1054 434 1119 ἀτάκτων
457 1054 497 1119 δν
519 1052 575 1118 καὶ
598 1055 752 1140 ἀπείρων.

186 1160 273 1225 οὕτω
307 1158 343 1224 δέ
375 1163 440 1244 ἔχει
472 1158 527 1224 καὶ
558 1162 642 1245 πρὸς
668 1162 705 1225 τὸ
734 1161 836 1246 ῥητὸν
863 1157 918 1224 καὶ
947 1161 1072 1242 ἀλογον
1099 1161 1138 1225 τὸ

67 1282 101 1331 10
119 1265 319 1350 τεταγμένον
341 1288 375 1330 τε
399 1263 454 1330 καὶ
472 1267 509 1330 τὸ
528 1268 684 1331 ἄτακτον·
708 1275 936 1331 κοινωνοῦντα
953 1267 1018 1350 γὰρ
1038 1265 1140 1348 ἀλλη-

120 1377 191 1448 λοις
223 1377 370 1457 πολλαχῇ
402 1369 458 1436 καὶ
491 1373 662 1456 διενήνοχε
698 1374 758 1438 τὸν
791 1370 965 1457 εἰρημένον
1002 1375 1139 1454 τρόπον.

121 1475 200 1543 οὐδὲ
223 1479 286 1565 γάρ
310 1487 413 1542 ταῦτα
438 1477 573 1557 ἐξισάζει
597 1479 752 1562 ἀλλήλοις
778 1475 857 1543 οῦδέ
879 1480 916 1543 τὸ
940 1476 1056 1561 ἕτερον
1078 1486 1140 1541 τοῦ

121 1583 234 1671 ἑτέρου
258 1582 326 1649 ἐστὶ
349 1588 597 1669 περιληπτικόν·
621 1585 725 1669 ηγάρ
749 1584 784 1649 ἐκ
803 1585 865 1649 δύο
885 1583 1060 1667 ὀνομάτων
1083 1580 1141 1646 καὶ

121 1693 158 1756 αί
183 1691 289 1767 οὕτως
316 1690 569 1775 κατειλημμέναι
596 1693 712 1773 ἀλογοι
739 1689 932 1774 τεταγμέναι
955 1687 1017 1773 μέν
1040 1690 1140 1772 εἰσιν,

69 1812 102 1861 15
122 1796 231 1863 οὐκέτι
255 1793 292 1861 δέ
314 1794 370 1861 καὶ
393 1798 505 1882 ῥηταί,
527 1795 583 1862 καὶ
607 1797 624 1862 ὁ
648 1807 707 1880 της
729 1795 908 1882 διαμέτρου
932 1796 1031 1877 λόγος
1054 1795 1140 1879 πρὸς

121 1906 183 1989 την
206 1902 362 1989 πλευρόν.
398 1904 505 1968 πολλά
528 1902 565 1968 δὲ
587 1900 643 1967 καὶ
666 1913 734 1968 τῶν
756 1903 867 1988 ῥητῶν
890 1900 1013 1966 ἀτακτά
1037 1899 1141 1983 ἐστιν,

123 2010 168 2086 ῶς
191 2010 231 2073 τά
254 2013 427 2092 πολλαχῶς
449 2006 504 2072 καὶ
527 2008 689 2095 ἀορίστως
712 2010 883 2092 γινόμενα·
910 2008 1052 2072 δόναται
1076 2006 1142 2090 γάρ

122 2115 178 2181 καὶ
212 2116 379 2197 σκαληνὸν
411 2119 577 2202 τρίγωνον
608 2121 802 2201 μετρεῖσθαι
834 2113 899 2179 ὑπὸ
929 2122 989 2178 τοῦ
1022 2133 1141 2199 προτε-

123 2222 243 2299 θέντος
269 2219 325 2285 καλ
349 2219 545 2306 ὁρισθέντος
567 2222 671 2306 ῥητοῦ
694 2220 831 2305 μέτρου,
859 2223 967 2283 καίτοι
995 2221 1141 2283 ἀτακτον

69 2341 104 2390 20
123 2329 282 2414 ὑπάρχον.
936 2370 941 2379 ·

190 2442 250 2497 τοῦ
273 2429 310 2497 δέ
333 2436 503 2517 γνωρίμου
526 2435 609 2517 πρὸς
632 2434 669 2498 τὸ
692 2435 836 2521 πόριμον
859 2433 921 2516 τὴν
943 2427 1004 2514 μὲν
1027 2429 1142 2514 δμοιό-

123 2562 204 2622 τητα
226 2541 329 2602 παντί
347 2560 385 2619 γε
408 2538 530 2602 διῖδεῖν
553 2536 683 2625 ῥᾴδιον,
706 2541 768 2622 την
791 2535 828 2603 δέ
851 2537 1020 2622 διαφορὰν
1046 2540 1142 2619 χαλε-

124 2646 189 2709 πὸν
221 2641 321 2707 ἑλεῖν·
354 2644 518 2727 σύνεγγυς
550 2644 613 2730 γάρ
644 2644 714 2710 ἐστι
745 2647 807 2729 την
839 2645 944 2729 φύσιν
976 2642 1142 2725 ἀλληλων,

125 2752 209 2815 ὥστε
236 2747 292 2813 καὶ
317 2746 474 2827 ἐξισάζειν
497 2751 619 2815 δοκεῖν.
666 2751 706 2814 οὐ
729 2752 796 2835 μην
819 2749 902 2815 ἀλλά
923 2747 987 2813 κάν
1010 2750 1144 2824 τούτοις

70 2870 105 2919 25
125 2857 268 2942 ἀκριβῶς
297 2855 511 2940 ἐπιβλέψαντι
539 2857 728 2942 ὀφθησεταί
752 2880 803 2933 τις
830 2855 952 2920 ἐνοῦσα
979 2853 1143 2939 διαφορά·

125 2965 176 3028 ὅτι
198 2959 259 3046 μέν
282 2963 346 3047 γάρ
370 2966 429 3046 μία
453 2961 543 3028 ἐστὶν
569 2963 589 3046 ἡ
614 2972 672 3046 της
694 2961 802 3039 ἕλικος
825 2959 884 3046 ἀφ’
906 2958 979 3036 ἑνὸς
1002 2962 1142 3044 σημείου

61 3073 65 3079 ’
126 3067 349 3154 ἐφαπτομένη,
373 3068 543 3153 συμφανές
562 3067 704 3134 ἐστικαὶ
724 3069 906 3154 γνώριμον·
930 3064 1003 3131 ἀλλ’
1025 3066 1066 3131 οὐ
1085 3067 1145 3131 διά

125 3185 223 3240 τοῦτο
250 3176 314 3258 ἤδη
341 3173 398 3239 καὶ
420 3179 563 3261 πόριμόν
586 3175 655 3240 ἐστι
682 3176 720 3238 τὸ
747 3177 922 3260 πρόβλημα
945 3174 1041 3256 μηπω
1065 3195 1144 3236 κατ-

197 3303 221 3351 2.
241 3298 398 3366 γιγνόμενα
417 3296 481 3351 vat.
546 3294 1010 3366 6.Αωῖοτήν(ω1λ.)ωάἀ.αάτοῦ
1028 3311 1055 3348 v,
1119 3300 1143 3348 7.

126 3366 196 3420 ἀλλά
214 3385 239 3421 V.
319 3372 360 3436 1⁴⁰·
379 3366 422 3438 τό]
443 3384 495 3421 om.
515 3368 579 3422 vat.
657 3371 699 3421 15.
720 3367 734 3421 δ
753 3367 812 3437 τῆς]
832 3383 917 3435 ουσης
935 3365 965 3419 Ρ.
1045 3363 1142 3436 λόγος]

127 3454 179 3491 om.
195 3438 259 3491 Vah.
302 3472 305 3476 -
338 3442 380 3493 17.
399 3439 557 3507 γιγνόμενα
575 3439 640 3493 Vat.
725 3443 767 3491 22.
792 3438 906 3508 διῖδεῖν]
926 3436 991 3490 vat.
1012 3434 1058 3489 Gr.
1075 3441 1143 3503 2023

127 3505 158 3560 δὲ
178 3507 250 3561 ἰδεῖν
268 3508 313 3562 Pv
332 3510 361 3562 et
379 3525 415 3562 m.
431 3515 446 3563 2
461 3510 540 3577 ναῖς
560 3506 591 3564 δὲ
607 3509 694 3564 εῖδεῖν
712 3509 777 3563 Vat.
792 3526 829 3562 m.
845 3514 868 3562 1.
930 3512 973 3561 23.
993 3506 1144 3580 σύνεγγυς]
