<?xml version="1.0" encoding="UTF-8"?>
<!DOCTYPE html PUBLIC "-//W3C//DTD XHTML 1.0 Transitional//EN"
    "http://www.w3.org/TR/xhtml1/DTD/xhtml1-transitional.dtd">
<html xmlns="http://www.w3.org/1999/xhtml" xml:lang="en" lang="en">
 <head>
  <title>
</title>
<meta http-equiv="Content-Type" content="text/html;charset=utf-8" />
  <meta name='ocr-system' content='tesseract 3.04.00' />
  <meta name='ocr-capabilities' content='ocr_page ocr_carea ocr_par ocr_line ocrx_word'/>
</head>
<body>
  <div class='ocr_page' id='page_1' title='image "./euclidisoperaom05unkngoog_0021.png"; bbox 0 0 2400 3840; ppageno 0'>
   <div class='ocr_carea' id='block_1_1' title="bbox 65 154 675 209">
    <p class='ocr_par' dir='ltr' id='par_1_1' title="bbox 65 154 675 209">
     <span class='ocr_line' id='line_1_1' title="bbox 65 154 675 209; baseline -0.005 0"><span class='ocrx_word' id='word_1_1' title='bbox 65 156 90 209; x_wconf 88' lang='lat' dir='ltr'>X</span> <span class='ocrx_word' id='word_1_2' title='bbox 466 154 675 207; x_wconf 77' lang='lat' dir='ltr'><strong>PRAEFATIO.</strong></span> 
     </span>
    </p>
   </div>
   <div class='ocr_carea' id='block_1_2' title="bbox 65 296 1083 2085">
    <p class='ocr_par' dir='ltr' id='par_1_2' title="bbox 65 296 1083 2085">
     <span class='ocr_line' id='line_1_2' title="bbox 155 296 1079 381; baseline -0.003 -16"><span class='ocrx_word' id='word_1_3' title='bbox 155 323 171 365; x_wconf 90' lang='lat' dir='ltr'><strong>c</strong></span> <span class='ocrx_word' id='word_1_4' title='bbox 190 331 228 352; x_wconf 92' lang='lat'><strong>=</strong></span> <span class='ocrx_word' id='word_1_5' title='bbox 244 299 368 365; x_wconf 83' lang='lat' dir='ltr'><strong>scholia</strong></span> <span class='ocrx_word' id='word_1_6' title='bbox 382 299 449 364; x_wconf 84' lang='lat' dir='ltr'><strong>cod.</strong></span> <span class='ocrx_word' id='word_1_7' title='bbox 463 297 674 364; x_wconf 81' lang='lat' dir='ltr'><strong>Laurentioni</strong></span> <span class='ocrx_word' id='word_1_8' title='bbox 687 296 841 381; x_wconf 86' lang='lat' dir='ltr'>XXVIII,</span> <span class='ocrx_word' id='word_1_9' title='bbox 857 297 899 362; x_wconf 86' lang='lat'><strong>10</strong></span> <span class='ocrx_word' id='word_1_10' title='bbox 913 319 995 363; x_wconf 84' lang='lat' dir='ltr'><strong>saec.</strong></span> <span class='ocrx_word' id='word_1_11' title='bbox 1007 296 1079 362; x_wconf 91' lang='lat' dir='ltr'><strong>XV.</strong></span> 
     </span>
     <span class='ocr_line' id='line_1_3' title="bbox 153 401 1080 490; baseline -0.003 -18"><span class='ocrx_word' id='word_1_12' title='bbox 153 431 172 490; x_wconf 82' lang='grc' dir='ltr'><em>ρ</em></span> <span class='ocrx_word' id='word_1_13' title='bbox 189 437 229 459; x_wconf 93' lang='lat'>=</span> <span class='ocrx_word' id='word_1_14' title='bbox 245 405 369 472; x_wconf 82' lang='lat' dir='ltr'><strong>scholia</strong></span> <span class='ocrx_word' id='word_1_15' title='bbox 388 405 456 470; x_wconf 88' lang='lat' dir='ltr'><strong>cod.</strong></span> <span class='ocrx_word' id='word_1_16' title='bbox 471 403 572 468; x_wconf 85' lang='lat' dir='ltr'><strong>Paris.</strong></span> <span class='ocrx_word' id='word_1_17' title='bbox 588 402 642 469; x_wconf 87' lang='lat' dir='ltr'><strong>Gr.</strong></span> <span class='ocrx_word' id='word_1_18' title='bbox 657 405 745 470; x_wconf 89' lang='grc'><strong>2348</strong></span> <span class='ocrx_word' id='word_1_19' title='bbox 765 425 845 468; x_wconf 78' lang='lat' dir='ltr'><strong>saec.</strong></span> <span class='ocrx_word' id='word_1_20' title='bbox 860 401 956 468; x_wconf 87' lang='lat' dir='ltr'>XVII</span> <span class='ocrx_word' id='word_1_21' title='bbox 974 405 1080 469; x_wconf 84' lang='lat' dir='ltr'><strong>maxi-</strong></span> 
     </span>
     <span class='ocr_line' id='line_1_4' title="bbox 185 509 1081 596; baseline 0 -20"><span class='ocrx_word' id='word_1_22' title='bbox 185 535 272 577; x_wconf 81' lang='lat' dir='ltr'><strong>mnm</strong></span> <span class='ocrx_word' id='word_1_23' title='bbox 295 516 422 596; x_wconf 86' lang='lat' dir='ltr'><strong>partem</strong></span> <span class='ocrx_word' id='word_1_24' title='bbox 444 514 520 596; x_wconf 92' lang='lat' dir='ltr'><strong>post</strong></span> <span class='ocrx_word' id='word_1_25' title='bbox 543 509 747 576; x_wconf 88' lang='lat' dir='ltr'><strong>definitiones</strong></span> <span class='ocrx_word' id='word_1_26' title='bbox 772 514 806 575; x_wconf 92' lang='lat' dir='ltr'><strong>et</strong></span> <span class='ocrx_word' id='word_1_27' title='bbox 829 509 976 594; x_wconf 82' lang='lat' dir='ltr'><strong>singulas</strong></span> <span class='ocrx_word' id='word_1_28' title='bbox 1005 533 1081 595; x_wconf 90' lang='lat' dir='ltr'><strong>pro-</strong></span> 
     </span>
     <span class='ocr_line' id='line_1_5' title="bbox 184 617 1079 703; baseline -0.001 -20"><span class='ocrx_word' id='word_1_29' title='bbox 184 619 363 703; x_wconf 75' lang='lat' dir='ltr'>positiones</span> <span class='ocrx_word' id='word_1_30' title='bbox 383 618 512 702; x_wconf 80' lang='lat' dir='ltr'><strong>scripta,</strong></span> <span class='ocrx_word' id='word_1_31' title='bbox 534 617 692 682; x_wconf 83' lang='lat' dir='ltr'><strong>nonnulla</strong></span> <span class='ocrx_word' id='word_1_32' title='bbox 711 621 820 683; x_wconf 83' lang='lat' dir='ltr'><strong>autem</strong></span> <span class='ocrx_word' id='word_1_33' title='bbox 838 617 872 680; x_wconf 92' lang='lat' dir='ltr'><strong>in</strong></span> <span class='ocrx_word' id='word_1_34' title='bbox 890 617 954 680; x_wconf 92' lang='lat' dir='ltr'><strong>fine</strong></span> <span class='ocrx_word' id='word_1_35' title='bbox 974 618 1079 682; x_wconf 90' lang='lat' dir='ltr'><strong>totius</strong></span> 
     </span>
     <span class='ocr_line' id='line_1_6' title="bbox 184 726 269 791; baseline 0.012 -2"><span class='ocrx_word' id='word_1_36' title='bbox 184 726 269 791; x_wconf 89' lang='lat' dir='ltr'><strong>libri.</strong></span> 
     </span>
     <span class='ocr_line' id='line_1_7' title="bbox 150 829 1080 916; baseline -0.004 -17"><span class='ocrx_word' id='word_1_37' title='bbox 150 850 226 899; x_wconf 58' lang='grc' dir='ltr'><strong>σε</strong></span> <span class='ocrx_word' id='word_1_38' title='bbox 242 832 367 898; x_wconf 83' lang='lat' dir='ltr'><strong>scholia</strong></span> <span class='ocrx_word' id='word_1_39' title='bbox 385 832 454 897; x_wconf 90' lang='lat' dir='ltr'><strong>cod.</strong></span> <span class='ocrx_word' id='word_1_40' title='bbox 467 830 568 896; x_wconf 82' lang='lat' dir='ltr'><strong>Paris.</strong></span> <span class='ocrx_word' id='word_1_41' title='bbox 589 829 643 895; x_wconf 85' lang='lat' dir='ltr'><strong>Gr.</strong></span> <span class='ocrx_word' id='word_1_42' title='bbox 658 831 745 896; x_wconf 89' lang='grc'><strong>2342</strong></span> <span class='ocrx_word' id='word_1_43' title='bbox 765 851 846 895; x_wconf 84' lang='lat' dir='ltr'><strong>saec.</strong></span> <span class='ocrx_word' id='word_1_44' title='bbox 860 829 949 916; x_wconf 86' lang='lat' dir='ltr'>XIV,</span> <span class='ocrx_word' id='word_1_45' title='bbox 968 831 1080 895; x_wconf 82' lang='lat' dir='ltr'><strong>omnis</strong></span> 
     </span>
     <span class='ocr_line' id='line_1_8' title="bbox 185 936 1080 1025; baseline -0.002 -23"><span class='ocrx_word' id='word_1_46' title='bbox 185 961 284 1003; x_wconf 84' lang='lat' dir='ltr'><strong>manu</strong></span> <span class='ocrx_word' id='word_1_47' title='bbox 315 939 421 1024; x_wconf 83' lang='lat' dir='ltr'><strong>prima</strong></span> <span class='ocrx_word' id='word_1_48' title='bbox 447 938 568 1025; x_wconf 84' lang='lat' dir='ltr'><strong>partim</strong></span> <span class='ocrx_word' id='word_1_49' title='bbox 596 941 778 1002; x_wconf 84' lang='lat' dir='ltr'><strong>atramento</strong></span> <span class='ocrx_word' id='word_1_50' title='bbox 810 937 909 1001; x_wconf 90' lang='lat' dir='ltr'><strong>rubro</strong></span> <span class='ocrx_word' id='word_1_51' title='bbox 915 988 924 1022; x_wconf 93' lang='lat'>,</span> <span class='ocrx_word' id='word_1_52' title='bbox 956 936 1080 1020; x_wconf 83' lang='lat' dir='ltr'><strong>partim</strong></span> 
     </span>
     <span class='ocr_line' id='line_1_9' title="bbox 184 1041 1079 1132; baseline -0.001 -23"><span class='ocrx_word' id='word_1_53' title='bbox 184 1045 276 1110; x_wconf 87' lang='lat' dir='ltr'><strong>fusco</strong></span> <span class='ocrx_word' id='word_1_54' title='bbox 291 1046 426 1132; x_wconf 69' lang='lat' dir='ltr'><strong>scripto,</strong></span> <span class='ocrx_word' id='word_1_55' title='bbox 445 1068 475 1109; x_wconf 93' lang='lat' dir='ltr'><strong>u.</strong></span> <span class='ocrx_word' id='word_1_56' title='bbox 488 1042 639 1128; x_wconf 87' lang='lat' dir='ltr'><strong>Hultsch,</strong></span> <span class='ocrx_word' id='word_1_57' title='bbox 658 1041 808 1108; x_wconf 89' lang='lat' dir='ltr'><strong>Berichte</strong></span> <span class='ocrx_word' id='word_1_58' title='bbox 828 1043 855 1106; x_wconf 92' lang='lat' dir='ltr'><strong>d.</strong></span> <span class='ocrx_word' id='word_1_59' title='bbox 873 1042 1079 1126; x_wconf 86' lang='lat' dir='ltr'><strong>philol-hist.</strong></span> 
     </span>
     <span class='ocr_line' id='line_1_10' title="bbox 185 1148 1079 1233; baseline -0.002 -17"><span class='ocrx_word' id='word_1_60' title='bbox 185 1149 550 1218; x_wconf 79' lang='grc'>0118111110111.</span> <span class='ocrx_word' id='word_1_61' title='bbox 572 1148 770 1215; x_wconf 90' lang='lat' dir='ltr'><strong>Wissensch.</strong></span> <span class='ocrx_word' id='word_1_62' title='bbox 796 1149 881 1215; x_wconf 87' lang='lat'>1886</span> <span class='ocrx_word' id='word_1_63' title='bbox 905 1172 935 1233; x_wconf 92' lang='lat' dir='ltr'><strong>p.</strong></span> <span class='ocrx_word' id='word_1_64' title='bbox 958 1151 1022 1215; x_wconf 93' lang='grc'><strong>120</strong></span> <span class='ocrx_word' id='word_1_65' title='bbox 1045 1155 1079 1215; x_wconf 91' lang='lat' dir='ltr'><strong>et</strong></span> 
     </span>
     <span class='ocr_line' id='line_1_11' title="bbox 184 1257 543 1342; baseline -0.006 -19"><span class='ocrx_word' id='word_1_66' title='bbox 184 1257 346 1323; x_wconf 80' lang='lat' dir='ltr'><strong>Abhendl.</strong></span> <span class='ocrx_word' id='word_1_67' title='bbox 365 1259 395 1323; x_wconf 92' lang='lat' dir='ltr'>X</span> <span class='ocrx_word' id='word_1_68' title='bbox 418 1281 449 1342; x_wconf 89' lang='lat' dir='ltr'><strong>p.</strong></span> <span class='ocrx_word' id='word_1_69' title='bbox 469 1258 543 1324; x_wconf 88' lang='grc'><strong>391.</strong></span> 
     </span>
     <span class='ocr_line' id='line_1_12' title="bbox 65 1361 1078 1447; baseline -0.002 -18"><span class='ocrx_word' id='word_1_70' title='bbox 65 1363 176 1429; x_wconf 84' lang='lat' dir='ltr'><strong>Ambr.</strong></span> <span class='ocrx_word' id='word_1_71' title='bbox 186 1395 228 1417; x_wconf 96' lang='lat'><strong><em>=</em></strong></span> <span class='ocrx_word' id='word_1_72' title='bbox 243 1365 367 1430; x_wconf 79' lang='lat' dir='ltr'><strong>scholis</strong></span> <span class='ocrx_word' id='word_1_73' title='bbox 385 1365 454 1429; x_wconf 88' lang='lat' dir='ltr'><strong>cod.</strong></span> <span class='ocrx_word' id='word_1_74' title='bbox 467 1363 677 1429; x_wconf 84' lang='lat' dir='ltr'><strong>Ambrosiani</strong></span> <span class='ocrx_word' id='word_1_75' title='bbox 690 1361 722 1426; x_wconf 88' lang='lat' dir='ltr'><strong>A</strong></span> <span class='ocrx_word' id='word_1_76' title='bbox 740 1363 798 1427; x_wconf 88' lang='grc'><strong>101</strong></span> <span class='ocrx_word' id='word_1_77' title='bbox 823 1384 891 1447; x_wconf 90' lang='lat' dir='ltr'><strong>sup.</strong></span> <span class='ocrx_word' id='word_1_78' title='bbox 910 1384 991 1426; x_wconf 87' lang='lat' dir='ltr'><strong>saec.</strong></span> <span class='ocrx_word' id='word_1_79' title='bbox 1006 1361 1078 1427; x_wconf 92' lang='lat' dir='ltr'><strong>XV.</strong></span> 
     </span>
     <span class='ocr_line' id='line_1_13' title="bbox 82 1467 1079 1537; baseline -0.002 -2"><span class='ocrx_word' id='word_1_80' title='bbox 82 1470 169 1537; x_wconf 92' lang='lat' dir='ltr'><strong>Mon.</strong></span> <span class='ocrx_word' id='word_1_81' title='bbox 185 1502 227 1524; x_wconf 96' lang='lat'>=</span> <span class='ocrx_word' id='word_1_82' title='bbox 242 1471 367 1536; x_wconf 82' lang='lat' dir='ltr'><strong>scholis</strong></span> <span class='ocrx_word' id='word_1_83' title='bbox 386 1471 454 1536; x_wconf 84' lang='lat' dir='ltr'><strong>cod.</strong></span> <span class='ocrx_word' id='word_1_84' title='bbox 468 1469 673 1535; x_wconf 83' lang='lat' dir='ltr'><strong>Monacensis</strong></span> <span class='ocrx_word' id='word_1_85' title='bbox 693 1469 754 1535; x_wconf 86' lang='grc'><strong>381</strong></span> <span class='ocrx_word' id='word_1_86' title='bbox 777 1490 858 1533; x_wconf 83' lang='lat' dir='ltr'><strong>seeo.</strong></span> <span class='ocrx_word' id='word_1_87' title='bbox 876 1467 957 1533; x_wconf 92' lang='lat' dir='ltr'>XIII</span> <span class='ocrx_word' id='word_1_88' title='bbox 979 1491 1079 1533; x_wconf 81' lang='lat' dir='ltr'><strong>manu</strong></span> 
     </span>
     <span class='ocr_line' id='line_1_14' title="bbox 185 1572 1080 1664; baseline -0.003 -22"><span class='ocrx_word' id='word_1_89' title='bbox 185 1578 363 1643; x_wconf 79' lang='lat' dir='ltr'><strong>recentiore</strong></span> <span class='ocrx_word' id='word_1_90' title='bbox 382 1575 438 1663; x_wconf 88' lang='lat' dir='ltr'><strong>(m.</strong></span> <span class='ocrx_word' id='word_1_91' title='bbox 458 1575 494 1664; x_wconf 84' lang='lat'><strong>3)</strong></span> <span class='ocrx_word' id='word_1_92' title='bbox 518 1576 639 1660; x_wconf 83' lang='lat' dir='ltr'><strong>scripta</strong></span> <span class='ocrx_word' id='word_1_93' title='bbox 662 1597 727 1639; x_wconf 90' lang='lat' dir='ltr'><strong>uno</strong></span> <span class='ocrx_word' id='word_1_94' title='bbox 747 1572 808 1662; x_wconf 85' lang='lat' dir='ltr'><strong>(nr.</strong></span> <span class='ocrx_word' id='word_1_95' title='bbox 831 1573 909 1662; x_wconf 84' lang='lat'>138)</span> <span class='ocrx_word' id='word_1_96' title='bbox 933 1580 1080 1660; x_wconf 79' lang='lat' dir='ltr'><strong>excepte,</strong></span> 
     </span>
     <span class='ocr_line' id='line_1_15' title="bbox 185 1676 1044 1770; baseline -0.005 -21"><span class='ocrx_word' id='word_1_97' title='bbox 185 1686 271 1770; x_wconf 88' lang='lat' dir='ltr'><strong>quod</strong></span> <span class='ocrx_word' id='word_1_98' title='bbox 294 1707 393 1749; x_wconf 84' lang='lat' dir='ltr'><strong>manu</strong></span> <span class='ocrx_word' id='word_1_99' title='bbox 414 1683 520 1768; x_wconf 83' lang='lat' dir='ltr'><strong>prima</strong></span> <span class='ocrx_word' id='word_1_100' title='bbox 542 1681 742 1765; x_wconf 85' lang='lat' dir='ltr'><strong>adscriptum</strong></span> <span class='ocrx_word' id='word_1_101' title='bbox 765 1686 824 1747; x_wconf 91' lang='lat' dir='ltr'><strong>est.</strong></span> <span class='ocrx_word' id='word_1_102' title='bbox 1039 1676 1044 1682; x_wconf 77' lang='grc'><strong>’</strong></span> 
     </span>
     <span class='ocr_line' id='line_1_16' title="bbox 146 1786 1078 1873; baseline -0.005 -16"><span class='ocrx_word' id='word_1_103' title='bbox 146 1791 167 1857; x_wconf 78' lang='lat' dir='ltr'>S</span> <span class='ocrx_word' id='word_1_104' title='bbox 185 1823 225 1844; x_wconf 88' lang='lat'><strong>==</strong></span> <span class='ocrx_word' id='word_1_105' title='bbox 241 1791 365 1856; x_wconf 81' lang='lat' dir='ltr'><strong>scholis</strong></span> <span class='ocrx_word' id='word_1_106' title='bbox 383 1791 451 1856; x_wconf 92' lang='lat' dir='ltr'><strong>cod.</strong></span> <span class='ocrx_word' id='word_1_107' title='bbox 466 1788 565 1854; x_wconf 82' lang='lat' dir='ltr'><strong>Paris.</strong></span> <span class='ocrx_word' id='word_1_108' title='bbox 581 1788 686 1873; x_wconf 88' lang='lat' dir='ltr'><strong>suppl.</strong></span> <span class='ocrx_word' id='word_1_109' title='bbox 702 1786 756 1852; x_wconf 85' lang='lat' dir='ltr'><strong>Gr.</strong></span> <span class='ocrx_word' id='word_1_110' title='bbox 774 1790 815 1853; x_wconf 92' lang='grc'><strong>12</strong></span> <span class='ocrx_word' id='word_1_111' title='bbox 835 1810 916 1854; x_wconf 82' lang='lat' dir='ltr'><strong>saec.</strong></span> <span class='ocrx_word' id='word_1_112' title='bbox 930 1788 1018 1873; x_wconf 86' lang='lat' dir='ltr'>XVI,</span> <span class='ocrx_word' id='word_1_113' title='bbox 1039 1789 1078 1852; x_wconf 89' lang='lat' dir='ltr'><strong>de</strong></span> 
     </span>
     <span class='ocr_line' id='line_1_17' title="bbox 185 1893 1083 1982; baseline -0.003 -21"><span class='ocrx_word' id='word_1_114' title='bbox 185 1919 249 1982; x_wconf 92' lang='lat' dir='ltr'><strong>quo</strong></span> <span class='ocrx_word' id='word_1_115' title='bbox 273 1921 302 1962; x_wconf 92' lang='lat' dir='ltr'><strong>u.</strong></span> <span class='ocrx_word' id='word_1_116' title='bbox 323 1896 452 1981; x_wconf 91' lang='lat' dir='ltr'><strong>Omont,</strong></span> <span class='ocrx_word' id='word_1_117' title='bbox 472 1893 655 1960; x_wconf 82' lang='lat' dir='ltr'><strong>Inventaire</strong></span> <span class='ocrx_word' id='word_1_118' title='bbox 669 1893 719 1959; x_wconf 89' lang='lat' dir='ltr'><strong>III</strong></span> <span class='ocrx_word' id='word_1_119' title='bbox 737 1917 767 1978; x_wconf 91' lang='lat' dir='ltr'><strong>p.</strong></span> <span class='ocrx_word' id='word_1_120' title='bbox 782 1895 848 1959; x_wconf 91' lang='grc'><strong>202</strong></span> <span class='ocrx_word' id='word_1_121' title='bbox 872 1899 904 1976; x_wconf 90' lang='lat' dir='ltr'><strong>et</strong></span> <span class='ocrx_word' id='word_1_122' title='bbox 922 1894 1083 1980; x_wconf 82' lang='lat' dir='ltr'><strong>Heiberg,</strong></span> 
     </span>
     <span class='ocr_line' id='line_1_18' title="bbox 184 2000 1078 2085; baseline -0.004 -16"><span class='ocrx_word' id='word_1_123' title='bbox 184 2003 246 2069; x_wconf 90' lang='lat' dir='ltr'><strong>Om</strong></span> <span class='ocrx_word' id='word_1_124' title='bbox 270 2002 456 2069; x_wconf 83' lang='lat' dir='ltr'><strong>Scholierne</strong></span> <span class='ocrx_word' id='word_1_125' title='bbox 480 2005 503 2066; x_wconf 95' lang='grc'><strong>1.</strong></span> <span class='ocrx_word' id='word_1_126' title='bbox 520 2001 611 2066; x_wconf 84' lang='lat' dir='ltr'><strong>Eucl</strong></span> <span class='ocrx_word' id='word_1_127' title='bbox 631 2000 734 2066; x_wconf 84' lang='lat' dir='ltr'><strong>Elem.</strong></span> <span class='ocrx_word' id='word_1_128' title='bbox 757 2024 787 2085; x_wconf 92' lang='lat' dir='ltr'><strong>p.</strong></span> <span class='ocrx_word' id='word_1_129' title='bbox 807 2001 858 2066; x_wconf 82' lang='lat'><strong>34.</strong></span> <span class='ocrx_word' id='word_1_130' title='bbox 896 2000 982 2065; x_wconf 83' lang='lat' dir='ltr'><strong>Dete.</strong></span> <span class='ocrx_word' id='word_1_131' title='bbox 1004 2000 1078 2084; x_wconf 79' lang='lat' dir='ltr'><strong>ipss</strong></span> 
     </span>
    </p>
   </div>
   <div class='ocr_carea' id='block_1_3' title="bbox 184 2109 502 2175">
    <p class='ocr_par' dir='ltr' id='par_1_3' title="bbox 184 2109 502 2175">
     <span class='ocr_line' id='line_1_19' title="bbox 184 2109 502 2175; baseline -0.013 0"><span class='ocrx_word' id='word_1_132' title='bbox 184 2111 284 2175; x_wconf 88' lang='lat' dir='ltr'><strong>codex</strong></span> <span class='ocrx_word' id='word_1_133' title='bbox 305 2131 373 2174; x_wconf 94' lang='lat' dir='ltr'><strong>non</strong></span> <span class='ocrx_word' id='word_1_134' title='bbox 394 2109 502 2173; x_wconf 82' lang='lat' dir='ltr'><strong>habet.</strong></span> 
     </span>
    </p>
   </div>
   <div class='ocr_carea' id='block_1_4' title="bbox 63 2249 1078 3084">
    <p class='ocr_par' dir='ltr' id='par_1_4' title="bbox 63 2249 1078 3084">
     <span class='ocr_line' id='line_1_20' title="bbox 130 2249 1077 2338; baseline -0.002 -22"><span class='ocrx_word' id='word_1_135' title='bbox 130 2277 160 2338; x_wconf 89' lang='lat' dir='ltr'><strong>p.</strong></span> <span class='ocrx_word' id='word_1_136' title='bbox 176 2252 283 2337; x_wconf 80' lang='lat'>14,18</span> <span class='ocrx_word' id='word_1_137' title='bbox 304 2249 346 2315; x_wconf 78' lang='grc' dir='ltr'><strong>δι’</strong></span> <span class='ocrx_word' id='word_1_138' title='bbox 367 2256 441 2315; x_wconf 74' lang='grc' dir='ltr'><strong><em>ἴσου</em></strong></span> <span class='ocrx_word' id='word_1_139' title='bbox 461 2249 667 2314; x_wconf 89' lang='lat' dir='ltr'><strong>scribendum</strong></span> <span class='ocrx_word' id='word_1_140' title='bbox 684 2272 744 2335; x_wconf 95' lang='lat' dir='ltr'><strong>pro</strong></span> <span class='ocrx_word' id='word_1_141' title='bbox 764 2250 884 2334; x_wconf 81' lang='grc' dir='ltr'>ὃιΐσου,</span> <span class='ocrx_word' id='word_1_142' title='bbox 902 2272 931 2333; x_wconf 94' lang='lat' dir='ltr'><strong>p.</strong></span> <span class='ocrx_word' id='word_1_143' title='bbox 946 2249 1017 2333; x_wconf 85' lang='grc'>104,</span> <span class='ocrx_word' id='word_1_144' title='bbox 1035 2252 1077 2314; x_wconf 94' lang='grc'><strong>12</strong></span> 
     </span>
     <span class='ocr_line' id='line_1_21' title="bbox 65 2353 1078 2443; baseline -0.004 -19"><span class='ocrx_word' id='word_1_145' title='bbox 65 2359 274 2443; x_wconf 79' lang='grc' dir='ltr'><strong><em>ἐλλείμματος</em></strong></span> <span class='ocrx_word' id='word_1_146' title='bbox 291 2379 350 2443; x_wconf 86' lang='lat' dir='ltr'><strong>pro</strong></span> <span class='ocrx_word' id='word_1_147' title='bbox 370 2355 570 2441; x_wconf 66' lang='grc' dir='ltr'><strong>ἐλλείματος,</strong></span> <span class='ocrx_word' id='word_1_148' title='bbox 593 2380 623 2441; x_wconf 93' lang='lat' dir='ltr'><strong>p.</strong></span> <span class='ocrx_word' id='word_1_149' title='bbox 645 2358 718 2441; x_wconf 78' lang='lat'><strong>158,</strong></span> <span class='ocrx_word' id='word_1_150' title='bbox 738 2358 780 2422; x_wconf 86' lang='grc'><strong>26</strong></span> <span class='ocrx_word' id='word_1_151' title='bbox 801 2359 877 2440; x_wconf 91' lang='lat' dir='ltr'><strong>post</strong></span> <span class='ocrx_word' id='word_1_152' title='bbox 896 2353 1078 2439; x_wconf 76' lang='grc' dir='ltr'><em>δεδομένον</em></span> 
     </span>
     <span class='ocr_line' id='line_1_22' title="bbox 63 2459 1078 2549; baseline -0.004 -19"><span class='ocrx_word' id='word_1_153' title='bbox 63 2465 269 2530; x_wconf 90' lang='lat' dir='ltr'><strong>incidendum</strong></span> <span class='ocrx_word' id='word_1_154' title='bbox 296 2485 364 2528; x_wconf 94' lang='lat' dir='ltr'><strong>non</strong></span> <span class='ocrx_word' id='word_1_155' title='bbox 391 2467 474 2549; x_wconf 83' lang='lat' dir='ltr'><strong>erat,</strong></span> <span class='ocrx_word' id='word_1_156' title='bbox 502 2467 572 2527; x_wconf 82' lang='lat' dir='ltr'><strong>erat</strong></span> <span class='ocrx_word' id='word_1_157' title='bbox 598 2487 628 2548; x_wconf 90' lang='lat' dir='ltr'><strong>p.</strong></span> <span class='ocrx_word' id='word_1_158' title='bbox 650 2464 760 2547; x_wconf 89' lang='grc'>160,1</span> <span class='ocrx_word' id='word_1_159' title='bbox 786 2466 862 2546; x_wconf 89' lang='lat' dir='ltr'><strong>post</strong></span> <span class='ocrx_word' id='word_1_160' title='bbox 885 2459 996 2546; x_wconf 80' lang='grc' dir='ltr'>μέσην.</span> <span class='ocrx_word' id='word_1_161' title='bbox 1041 2463 1078 2526; x_wconf 93' lang='lat' dir='ltr'><strong>in</strong></span> 
     </span>
     <span class='ocr_line' id='line_1_23' title="bbox 64 2569 1077 2658; baseline -0.003 -22"><span class='ocrx_word' id='word_1_162' title='bbox 64 2575 221 2658; x_wconf 83' lang='lat' dir='ltr'><strong>adparatu</strong></span> <span class='ocrx_word' id='word_1_163' title='bbox 245 2593 303 2636; x_wconf 88' lang='lat' dir='ltr'><strong>scr.</strong></span> <span class='ocrx_word' id='word_1_164' title='bbox 322 2570 458 2655; x_wconf 79' lang='lat' dir='ltr'><strong>p.18‚7</strong></span> <span class='ocrx_word' id='word_1_165' title='bbox 482 2569 509 2633; x_wconf 95' lang='grc' dir='ltr'>Ρ</span> <span class='ocrx_word' id='word_1_166' title='bbox 531 2591 590 2654; x_wconf 93' lang='lat' dir='ltr'><strong>pro</strong></span> <span class='ocrx_word' id='word_1_167' title='bbox 615 2592 643 2656; x_wconf 82' lang='lat' dir='ltr'><strong>a,</strong></span> <span class='ocrx_word' id='word_1_168' title='bbox 665 2593 695 2654; x_wconf 94' lang='lat' dir='ltr'><strong>p.</strong></span> <span class='ocrx_word' id='word_1_169' title='bbox 713 2570 813 2655; x_wconf 81' lang='grc'>16,2;</span> <span class='ocrx_word' id='word_1_170' title='bbox 838 2570 960 2653; x_wconf 81' lang='grc'>86,17;</span> <span class='ocrx_word' id='word_1_171' title='bbox 984 2570 1077 2654; x_wconf 88' lang='grc'><strong>92,4</strong></span> 
     </span>
     <span class='ocr_line' id='line_1_24' title="bbox 68 2674 1076 2763; baseline -0.006 -18"><span class='ocrx_word' id='word_1_172' title='bbox 68 2703 129 2745; x_wconf 92' lang='lat' dir='ltr'><strong>om.</strong></span> <span class='ocrx_word' id='word_1_173' title='bbox 147 2679 172 2742; x_wconf 94' lang='lat' dir='ltr'>P</span> <span class='ocrx_word' id='word_1_174' title='bbox 196 2700 255 2763; x_wconf 90' lang='lat' dir='ltr'><strong>pro</strong></span> <span class='ocrx_word' id='word_1_175' title='bbox 276 2699 337 2742; x_wconf 89' lang='lat' dir='ltr'><strong>om.</strong></span> <span class='ocrx_word' id='word_1_176' title='bbox 356 2677 390 2761; x_wconf 93' lang='lat' dir='ltr'><strong>b,</strong></span> <span class='ocrx_word' id='word_1_177' title='bbox 414 2677 595 2740; x_wconf 85' lang='lat' dir='ltr'><strong>addendum</strong></span> <span class='ocrx_word' id='word_1_178' title='bbox 616 2700 647 2761; x_wconf 93' lang='lat' dir='ltr'><strong>p.</strong></span> <span class='ocrx_word' id='word_1_179' title='bbox 670 2678 743 2762; x_wconf 87' lang='lat'>100,</span> <span class='ocrx_word' id='word_1_180' title='bbox 762 2678 781 2742; x_wconf 87' lang='lat'><strong>3</strong></span> <span class='ocrx_word' id='word_1_181' title='bbox 806 2674 934 2760; x_wconf 66' lang='grc'>000111]</span> <span class='ocrx_word' id='word_1_182' title='bbox 959 2697 1019 2740; x_wconf 92' lang='lat' dir='ltr'><strong>om.</strong></span> <span class='ocrx_word' id='word_1_183' title='bbox 1039 2674 1076 2760; x_wconf 94' lang='lat' dir='ltr'><strong>P,</strong></span> 
     </span>
     <span class='ocr_line' id='line_1_25' title="bbox 63 2779 1076 2873; baseline -0.007 -21"><span class='ocrx_word' id='word_1_184' title='bbox 63 2811 92 2873; x_wconf 94' lang='lat' dir='ltr'><strong>p.</strong></span> <span class='ocrx_word' id='word_1_185' title='bbox 110 2787 182 2869; x_wconf 83' lang='grc'>108,</span> <span class='ocrx_word' id='word_1_186' title='bbox 202 2785 221 2849; x_wconf 91' lang='grc'>8</span> <span class='ocrx_word' id='word_1_187' title='bbox 245 2781 365 2867; x_wconf 77' lang='grc' dir='ltr'><strong><em>πλάτη]</em></strong></span> <span class='ocrx_word' id='word_1_188' title='bbox 389 2784 501 2866; x_wconf 75' lang='grc' dir='ltr'><em>πλήθη</em></span> <span class='ocrx_word' id='word_1_189' title='bbox 525 2783 561 2868; x_wconf 93' lang='lat' dir='ltr'><strong>b,</strong></span> <span class='ocrx_word' id='word_1_190' title='bbox 588 2782 758 2849; x_wconf 88' lang='lat' dir='ltr'><strong>delendum</strong></span> <span class='ocrx_word' id='word_1_191' title='bbox 782 2807 812 2868; x_wconf 89' lang='lat' dir='ltr'><strong>p.</strong></span> <span class='ocrx_word' id='word_1_192' title='bbox 829 2784 902 2869; x_wconf 81' lang='grc'>176,</span> <span class='ocrx_word' id='word_1_193' title='bbox 921 2784 941 2848; x_wconf 88' lang='grc'>3</span> <span class='ocrx_word' id='word_1_194' title='bbox 965 2779 1076 2869; x_wconf 66' lang='lat' dir='ltr'><strong>³(alt.)’</strong></span> 
     </span>
     <span class='ocr_line' id='line_1_26' title="bbox 64 2888 1076 2978; baseline -0.004 -20"><span class='ocrx_word' id='word_1_195' title='bbox 64 2898 149 2978; x_wconf 90' lang='lat' dir='ltr'><strong>etp.</strong></span> <span class='ocrx_word' id='word_1_196' title='bbox 174 2893 246 2977; x_wconf 88' lang='grc'>190,</span> <span class='ocrx_word' id='word_1_197' title='bbox 269 2889 289 2954; x_wconf 83' lang='lat'>5</span> <span class='ocrx_word' id='word_1_198' title='bbox 314 2888 411 2974; x_wconf 77' lang='grc' dir='ltr'><strong>ἔστω]</strong></span> <span class='ocrx_word' id='word_1_199' title='bbox 441 2891 529 2955; x_wconf 80' lang='grc' dir='ltr'><strong><em>ἔστιν</em></strong></span> <span class='ocrx_word' id='word_1_200' title='bbox 551 2889 591 2975; x_wconf 83' lang='lat' dir='ltr'><strong>P3</strong></span> <span class='ocrx_word' id='word_1_201' title='bbox 622 2913 654 2975; x_wconf 91' lang='lat' dir='ltr'><strong>p.</strong></span> <span class='ocrx_word' id='word_1_202' title='bbox 673 2891 739 2955; x_wconf 83' lang='grc'><strong>224</strong></span> <span class='ocrx_word' id='word_1_203' title='bbox 765 2893 832 2954; x_wconf 87' lang='lat' dir='ltr'><strong>not.</strong></span> <span class='ocrx_word' id='word_1_204' title='bbox 857 2911 917 2954; x_wconf 88' lang='lat' dir='ltr'><strong>scr.</strong></span> <span class='ocrx_word' id='word_1_205' title='bbox 941 2890 1076 2973; x_wconf 79' lang='lat' dir='ltr'><strong>append.</strong></span> 
     </span>
     <span class='ocr_line' id='line_1_27' title="bbox 63 2994 1075 3084; baseline -0.006 -20"><span class='ocrx_word' id='word_1_206' title='bbox 63 3023 111 3065; x_wconf 90' lang='lat' dir='ltr'><strong>nr.</strong></span> <span class='ocrx_word' id='word_1_207' title='bbox 134 3002 177 3065; x_wconf 90' lang='grc'><strong>40</strong></span> <span class='ocrx_word' id='word_1_208' title='bbox 204 3020 264 3084; x_wconf 89' lang='lat' dir='ltr'><strong>pro</strong></span> <span class='ocrx_word' id='word_1_209' title='bbox 292 3019 338 3061; x_wconf 90' lang='lat' dir='ltr'><strong>nr.</strong></span> <span class='ocrx_word' id='word_1_210' title='bbox 359 2997 442 3081; x_wconf 83' lang='grc'>187,</span> <span class='ocrx_word' id='word_1_211' title='bbox 468 2996 503 3060; x_wconf 93' lang='lat' dir='ltr'><strong>in</strong></span> <span class='ocrx_word' id='word_1_212' title='bbox 529 2995 798 3081; x_wconf 76' lang='lat' dir='ltr'><strong>interpretatione</strong></span> <span class='ocrx_word' id='word_1_213' title='bbox 821 3019 851 3080; x_wconf 94' lang='lat' dir='ltr'><strong>p.</strong></span> <span class='ocrx_word' id='word_1_214' title='bbox 871 2997 924 3081; x_wconf 85' lang='lat'><strong>33,</strong></span> <span class='ocrx_word' id='word_1_215' title='bbox 947 2996 989 3059; x_wconf 91' lang='grc'><strong>22</strong></span> <span class='ocrx_word' id='word_1_216' title='bbox 1018 2994 1075 3059; x_wconf 74' lang='lat' dir='ltr'><strong>‘iis</strong></span> 
     </span>
    </p>
   </div>
   <div class='ocr_carea' id='block_1_5' title="bbox 63 3103 326 3173">
    <p class='ocr_par' dir='ltr' id='par_1_5' title="bbox 63 3103 326 3173">
     <span class='ocr_line' id='line_1_28' title="bbox 63 3103 326 3173; baseline -0.019 -1"><span class='ocrx_word' id='word_1_217' title='bbox 63 3110 206 3173; x_wconf 82' lang='lat' dir='ltr'><strong>adiectae</strong></span> <span class='ocrx_word' id='word_1_218' title='bbox 230 3103 326 3170; x_wconf 89' lang='lat' dir='ltr'><strong>sunt&#39;.</strong></span> 
     </span>
    </p>
   </div>
   <div class='ocr_carea' id='block_1_6' title="bbox 741 3146 1000 3285">
    <p class='ocr_par' dir='ltr' id='par_1_6' title="bbox 741 3146 1000 3285">
     <span class='ocr_line' id='line_1_29' title="bbox 741 3146 1000 3285; baseline -0.004 -17"><span class='ocrx_word' id='word_1_219' title='bbox 741 3146 742 3151; x_wconf 7' lang='grc' dir='ltr'><strong><em>Ν</em></strong></span> <span class='ocrx_word' id='word_1_220' title='bbox 807 3197 845 3268; x_wconf 89' lang='grc' dir='ltr'><strong>Η.</strong></span> <span class='ocrx_word' id='word_1_221' title='bbox 873 3196 1000 3285; x_wconf 81' lang='lat' dir='ltr'><strong>llengc.</strong></span> 
     </span>
    </p>
   </div>
   <div class='ocr_carea' id='block_1_7' title="bbox 0 0 1204 3840">
    <p class='ocr_par' dir='ltr' id='par_1_7' title="bbox 0 0 1204 3840">
     <span class='ocr_line' id='line_1_30' title="bbox 0 0 1204 3840; baseline 0 1"><span class='ocrx_word' id='word_1_222' title='bbox 0 0 1204 3840; x_wconf 95' lang='lat' dir='ltr'><strong> </strong></span> 
     </span>
    </p>
   </div>
  </div>
 </body>
</html>
