2400 3840
512 149 616 200 orm.
757 146 761 157 ·
1030 141 1073 206 53

518 308 618 373 XXX.

128 427 163 493 Si
187 450 206 492 a
229 425 306 492 dato
328 430 451 510 punoto
475 426 515 490 ad
537 429 660 489 rectam
678 421 841 506 positione
860 421 969 485 datam
988 425 1077 485 reeta

56 536 146 600 linea
178 535 307 599 ducitur
340 533 452 598 datum
484 530 627 595 efficiens
660 528 830 614 angulum‚'
861 526 960 590 dueta
985 529 1075 591 reeta

58 642 137 706 date
160 646 211 706 est
233 640 406 724 positione.

126 770 205 833 nom
233 770 252 811 a
284 747 361 811 dato
389 749 510 829 puncto
538 748 570 807 A
602 743 643 807 ad
669 745 792 806 rectem
820 741 888 802 ΒΓ
912 737 1075 821 positione

58 855 172 919 datam
195 858 285 918 reeta
306 853 393 917 linea
415 856 482 915 AA
509 851 645 914 dueatur
673 848 786 911 datum
808 844 952 909 efficiens
976 864 1076 928 engu-

58 961 129 1026 lum
152 963 259 1025 ΑΔΓ.
306 959 377 1024 dieo
383 1010 392 1044 ,
415 964 480 1023 ΑΔ
504 958 613 1021 datam
636 977 707 1019 esse
729 952 900 1037 positione.
1017 1000 1019 1008 .

635 1084 711 1129 nam
731 1066 759 1130 si
773 1059 891 1148 minuo,
908 1065 1029 1144 punoto
1044 1067 1076 1124 A

303 1137 371 1470 Aa
578 1176 727 1236 manente
745 1172 866 1257 positio
884 1174 992 1235 rectae
1012 1174 1077 1232 ΑΔ

578 1278 760 1343 mutabitur
788 1299 920 1344 seruans
950 1276 1078 1362 magni-

60 1443 93 1493 1,
147 1398 185 1454 Δ
351 1402 374 1452 Ζ
498 1445 528 1492 R
578 1383 723 1449 tudinem
744 1386 855 1471 anguli
872 1386 979 1449 ΑΔΓ.
1010 1405 1078 1446 mu-

579 1492 667 1553 tetur
698 1495 731 1554 et
763 1491 808 1556 sit
835 1496 913 1555 AZ.
966 1490 1078 1571 itaque

60 1593 255 1668 LAAP=
270 1595 303 1654 A
309 1594 384 1676 ΖΓ,
406 1590 510 1655 maior
528 1592 647 1658 minori
671 1595 795 1683 [I,16];
819 1597 905 1680 quod
924 1595 995 1659 fieri
1012 1614 1080 1658 non

59 1702 181 1782 potest.
213 1697 324 1781 itaque
342 1696 464 1780 positio
483 1702 590 1763 rectae
606 1705 673 1765 AA
690 1724 758 1766 non
775 1702 963 1767 mutabitur.
1001 1720 1079 1784 ergo

61 1810 134 1871 ΑΔ
157 1803 320 1887 positione
344 1803 421 1868 dato
443 1808 493 1867 est
517 1804 591 1884 [def.
610 1807 656 1885 4].

514 1980 632 2045 XXXI.

134 2094 168 2161 Si
192 2118 212 2160 a
235 2096 311 2160 dato
334 2099 456 2178 punoto
480 2097 520 2160 ad
542 2101 664 2161 rectem
683 2097 845 2180 positione
865 2099 974 2162 datam
992 2101 1081 2161 reeta

62 2204 152 2268 linea
188 2202 265 2266 data
301 2200 525 2287 magnitudine
559 2203 746 2289 adducitur,
783 2204 882 2268 etiam
918 2202 1081 2287 positione

63 2311 141 2374 data
164 2309 234 2374 erit.

132 2438 209 2480 nem
237 2437 257 2480 e
283 2415 359 2479 doto
387 2417 509 2498 puncto
537 2419 570 2478 A
603 2416 643 2478 ad
673 2421 797 2481 rectem
825 2419 893 2481 ΒΓ
918 2415 1080 2502 positione

64 2522 176 2586 datam
205 2524 296 2585 recte
326 2519 412 2584 linea
444 2519 581 2583 dueatur
608 2521 684 2584 deta
715 2523 948 2608 magnitudine.
998 2522 1080 2607 dieo,

563 2647 634 2690 eam
662 2627 762 2692 etiem
783 2629 947 2712 positione
971 2629 1080 2694 datam

144 2709 174 2764 Ε
465 2710 491 2761 A
563 2753 641 2797 esse.

617 2859 693 2902 nom
717 2844 829 2904 centro
848 2845 890 2925 A,
912 2840 1002 2904 radio
1027 2863 1080 2904 eu-

70 2987 101 3040 B
471 2944 500 2996 Γ
561 2947 629 3006 tem
653 2949 723 3008 AA
754 2945 893 3010 oireulus
922 2945 1081 3010 describa-

187 3026 218 3080 Δ
561 3053 616 3113 eur
638 3054 747 3114 ΕΔΖ.
793 3051 956 3135 positione
978 3050 1081 3135 igitur

378 3218 403 3267 Z
563 3155 702 3219 circulus
743 3160 853 3220 ΕΔΖ
894 3157 988 3221 datus
1030 3161 1081 3221 est

566 3260 641 3340 [def.
661 3263 711 3346 6];
743 3284 820 3327 nam
840 3263 949 3325 datum
975 3267 1025 3326 est
1048 3269 1080 3326 A

67 3376 215 3437 centrum
247 3368 316 3433 eius
349 3367 512 3451 positione
545 3371 578 3430 et
610 3367 719 3432 radius
748 3373 818 3432 ΑΔ
849 3366 1080 3453 magnitudine.

65 3499 182 3544 uerum
205 3474 304 3542 etiem
327 3478 417 3537 reete
435 3475 503 3537 ΒΓ
519 3472 683 3555 positione
706 3475 782 3539 data
801 3478 860 3539 est.
897 3473 948 3538 sin
971 3480 1081 3540 eutem
