2400 3840
394 153 433 202 m
451 151 619 203 aucumm
637 151 741 208 narr.
1013 152 1078 216 241

65 292 122 375 qui
155 292 243 357 iutra
279 293 480 380 triangulum
517 299 610 379 sunt,
655 295 805 379 aequales
843 318 913 360 esse
952 296 1079 361 duobus

64 397 162 463 rectis
196 403 228 462 et
255 403 379 464 rectam
407 422 445 464 ex
474 400 599 465 duobus
632 401 819 465 nominibus
852 400 1076 466 irrationalem

65 526 144 568 esse.
195 510 362 588 praeterea
389 506 487 570 etiam
515 507 595 570 talia
621 511 715 571 nota
742 529 812 572 esse
836 507 1000 592 dicuntur,
1031 512 1079 594 ut,

64 632 163 674 unam
190 616 313 676 rectam
341 635 410 677 esse
439 613 683 699 contingentem
709 614 829 678 lineam
858 613 1010 700 spiralem
1040 636 1080 678 ex

64 721 186 799 puncto
215 722 306 782 extra
338 719 414 783 dato
447 720 488 783 ad
519 720 655 783 alteram
683 724 791 784 utram
820 724 956 804 partem.
1001 742 1079 783 nam

64 826 102 885 ut
122 823 185 886 alia
204 846 332 908 quoque
352 825 405 909 sit,
428 826 509 890 duae
526 825 630 889 lineae
649 829 756 890 rectae
776 825 918 909 spatium
937 824 1081 890 contine-

65 927 157 1012 bunt,
177 928 211 993 id
230 929 316 1012 quod
334 930 404 993 fieri
423 952 490 994 non
506 934 626 1014 potest.
665 931 802 1016 ignota
819 952 898 994 uero
916 951 984 993 non
1003 935 1080 995 sunt

66 1055 113 1119 ea,
136 1039 313 1117 quaesunt
335 1035 552 1121 irrationalia,
576 1038 632 1101 sed
656 1059 706 1122 ea,
729 1058 810 1120 quae
833 1058 937 1118 neque
962 1058 1080 1122 eogno-

66 1144 200 1204 seuntur
223 1165 243 1206 a
264 1142 360 1206 nobis
382 1165 486 1226 neque
510 1148 617 1208 mente
641 1143 965 1228 comprehenduntur.

130 1247 306 1331 parabile
330 1249 495 1313 autemid
518 1255 576 1333 est,
601 1251 688 1333 quod
711 1272 824 1334 parare
847 1271 1020 1334 possumus
1046 1253 1078 1313 et

64 1357 261 1439 construere,
283 1354 346 1420 hoe
370 1360 420 1420 est
443 1356 483 1419 ad
500 1356 759 1441 intellegentiam
782 1356 946 1420 deducere.
985 1355 1079 1419 aliter

65 1461 175 1522 autem
202 1482 313 1525 rursus
341 1461 515 1545 parabile
545 1466 602 1526 aut
628 1462 662 1525 id
690 1483 759 1525 ease
788 1460 959 1545 definiunt,
992 1462 1078 1543 quod

66 1564 342 1631 demonstratione
369 1571 516 1652 paratur,
550 1570 606 1630 aut
634 1565 662 1630 si
691 1566 769 1648 quid
797 1568 951 1649 appareat
979 1565 1078 1629 etiam

65 1670 135 1734 sine
172 1673 464 1757 demonstratione,
506 1671 614 1756 qualia
648 1672 727 1737 haec
765 1675 857 1755 sunt,
897 1674 1008 1735 centro
1046 1675 1079 1734 et

64 1775 154 1839 radio
186 1778 261 1841 dato
295 1778 452 1844 circulum
484 1778 678 1861 describere,
715 1782 748 1842 et
779 1776 979 1862 triangulum
1011 1797 1078 1840 non

65 1883 162 1946 modo
200 1885 449 1969 aequilaterum,
494 1885 551 1949 sed
592 1884 757 1950 scalenum
801 1887 1003 1967 construere,
1045 1887 1078 1946 et

64 1991 186 2051 rectam
211 2011 250 2053 ex
278 1992 403 2055 duobus
431 1990 618 2055 nominibus
641 1989 787 2054 inuenire
816 1992 848 2052 et
876 1992 943 2051 tres
972 1993 1077 2052 rectas

65 2093 250 2179 rationales,
269 2119 349 2179 quae
368 2098 516 2181 potentia
534 2097 641 2162 solum
660 2093 969 2160 commensurabiles
988 2099 1078 2178 sunt3

64 2199 164 2263 etiam
188 2222 239 2286 ea,
272 2225 353 2287 quae
381 2202 518 2267 infinitis
547 2203 652 2267 modis
680 2203 776 2285 fiunt,
809 2198 970 2283 parabilia
993 2203 1078 2284 sunt,

64 2305 155 2369 uelut
192 2330 249 2389 per
286 2309 349 2372 duo
385 2313 507 2392 puncta
544 2309 701 2374 circulum
743 2305 932 2371 describere.
997 2328 1078 2371 non

64 2412 241 2494 parabile
274 2419 324 2478 est
357 2418 465 2479 autem
492 2415 539 2498 id,
572 2415 658 2499 quod
689 2410 859 2499 parabili
891 2411 1078 2495 oppositum

65 2522 127 2602 est,
150 2519 241 2582 uelut
263 2521 459 2603 quadratura
478 2520 604 2607 circuli,
625 2543 702 2585 narn
720 2521 864 2584 nondum
887 2522 1001 2602 parata
1020 2522 1079 2603 est,

62 2621 194 2686 etiamsi
226 2625 334 2706 parari
366 2629 476 2709 potest
508 2629 542 2688 et
575 2623 635 2688 sub
669 2623 838 2689 scientiam
871 2623 970 2709 cadit,
1007 2623 1076 2688 eius

64 2727 151 2790 enim
171 2729 306 2793 scientia
319 2731 463 2796 nondum
478 2731 711 2815 comprehensa
724 2734 783 2795 est.
812 2751 899 2793 nunc
914 2734 1023 2793 autem
1038 2731 1076 2793 de

65 2854 103 2897 eo
123 2835 311 2920 explicatur,
335 2837 421 2919 quod
438 2837 504 2900 iam
521 2841 672 2920 paratum
692 2840 751 2920 est,
769 2834 855 2919 quod
874 2834 973 2897 etiam
988 2856 1079 2918 prae·

61 2939 157 3023 cipue
194 2945 337 3027 πόριμον
372 2942 551 3007 nominant.
615 2964 692 3006 nam
728 2940 775 3025 id,
813 2939 899 3023 quod
934 2941 1077 3004 nondum

63 3051 215 3129 paratum
246 3052 309 3133 est,
341 3047 449 3132 parari
476 3053 585 3113 autem
608 3052 731 3133 potest,
761 3045 892 3129 proprie
919 3049 1078 3130 ποριστόν

63 3158 192 3215 uocant.
239 3175 315 3217 non
337 3154 513 3241 parabile
537 3158 654 3238 autem,
678 3158 715 3217 ut
738 3151 861 3216 dietum
884 3155 947 3235 est,
968 3173 1079 3235 para-

60 3257 136 3321 bili
164 3259 352 3342 oppositum
380 3264 476 3341 atque
503 3259 626 3344 idest,
653 3258 743 3324 euius
771 3257 988 3343 perscrutatio
1011 3279 1078 3321 non

59 3368 114 3427 est
138 3363 322 3428 diiudicata.

132 3467 328 3533 rationale
356 3470 521 3534 autemid
545 3474 608 3556 est,
640 3469 731 3535 cuius
755 3469 880 3534 adferre
904 3492 1079 3555 possumus

117 3582 265 3634 Euclides,
282 3583 332 3624 edd.
347 3583 450 3634 Helberg
464 3586 487 3624 et
500 3586 590 3634 Menge.
609 3584 650 3624 VI.
883 3580 915 3628 16
