2400 3840
97 143 162 207 164
500 141 704 192 Δελοιιιιαλ.

96 289 194 372 λοιιιη
213 297 281 350 τῶν
300 283 333 362 ἐξ
352 284 454 369 ἀρχῆς
468 283 639 369 τεσσάρων
657 283 801 348 εὐθειῶν
820 284 922 363 λόγον
938 284 1004 364 ἔχει
1019 282 1115 344 δεδο-

96 392 208 477 μένον,
228 392 394 473 άνάλογον
409 393 585 473 γίγνεσθαι
604 390 663 466 τάς
676 388 836 474 τέσσαρας
849 387 993 469 εὐθείας,
1013 389 1116 469 ἔσται,

99 499 143 574 ὡς
166 497 186 581 ἡ
210 498 347 583 τετάρτη
370 498 455 583 πρὸς
476 499 538 581 τὴν
560 499 686 581 τρίτην,
711 495 816 570 οὕτως
834 493 855 576 ἡ
875 491 1014 577 δευτέρα
1032 495 1118 577 πρὸς

98 605 141 688 ἣν
164 605 184 688 ἡ
208 605 323 690 πρώτη
347 606 448 685 λόγον
471 605 536 686 ἔχει
560 598 749 684 δεδομένον.

64 725 80 772 5
166 714 313 776 ἔστωσαν
341 708 498 793 τέσσαρες
530 707 659 772 εὐθεῖαι
687 708 724 771 αί
750 712 796 788 A,
815 707 925 788 Β,Τ,
945 711 977 768 A
1009 704 1118 781 οὕτως

99 821 234 902 ἔχουσαι
253 817 336 901 πρὸς
355 813 510 897 ἀλλήλας,
529 815 612 877 ὥστε
626 823 730 898 τριῶν
744 816 940 895 ληφθεισῶν
958 809 990 888 έξ
1005 811 1117 875 αὐτῶν

100 923 289 988 ὁποιωνοῦν
317 931 384 985 τῶν
414 926 456 1003 A,
480 924 519 1003 B,
544 922 576 983 Γ
602 917 657 983 καὶ
685 919 840 1004 τετάρτης
872 918 987 994 αὐταῖς
1014 934 1117 1002 προσ-

100 1031 286 1113 ληφθείσης
309 1035 367 1110 της
385 1030 426 1109 Ε,
449 1027 535 1111 πρὸς
556 1025 599 1108 ἣν
622 1025 642 1108 ἡ
661 1031 695 1088 A
718 1027 819 1106 λόγον
842 1027 908 1108 ἔχει
925 1022 1117 1108 δεδομένον,

101 1135 267 1215 ἀνάλογον
285 1127 371 1197 εἶναι
385 1133 444 1207 τάς
459 1138 501 1215 A,
516 1135 556 1214 Β,
572 1134 608 1215 Γ,
622 1136 654 1195 Ε
671 1132 817 1207 εὐθείας·
837 1130 932 1214 λέγω,
952 1132 1003 1196 ότι
1018 1130 1118 1213 ἐστίν,

49 1252 83 1300 10
102 1240 147 1314 ὡς
169 1238 190 1321 ἡ
215 1244 247 1302 A
270 1238 353 1323 τιρὸς
376 1239 437 1322 τὴν
461 1241 498 1320 Γ,
522 1237 628 1313 οὕτως
650 1237 671 1320 ἡ
694 1242 723 1301 Β
746 1239 830 1322 πρὸς
852 1237 895 1321 ἣν
917 1236 937 1319 ἡ
961 1243 994 1301 Α
1018 1240 1119 1319 λόγον

78 1347 170 1428 έγει
196 1341 385 1428 δεδομένον.

169 1449 237 1515 ἐπεὶ
267 1451 330 1536 γάρ
356 1449 460 1533 ἐστιν,
488 1450 533 1526 ὡς
555 1450 575 1533 ἡ
599 1457 632 1515 A
658 1451 740 1536 πρὸς
762 1452 823 1533 τὴν
847 1455 890 1533 Β,
919 1450 1025 1525 οὕτως
1047 1448 1067 1532 ἡ
1093 1452 1126 1514 Γ

102 1558 187 1642 πρὸς
209 1559 270 1642 την
292 1562 333 1640 Ε,
357 1558 396 1622 τὸ
419 1558 484 1642 άρα
506 1555 572 1621 ὑπὸ
595 1567 663 1621 τῶν
686 1562 728 1640 A,
747 1561 779 1620 E
800 1563 874 1621 ίσον
897 1553 966 1620 ἐστὶ
985 1565 1030 1642 τῷ
1054 1555 1119 1620 ὑπὸ

103 1672 170 1727 τῶν
199 1666 242 1746 Β,
264 1665 299 1726 Γ.
351 1661 406 1727 καὶ
435 1661 504 1727 εἰιελ
531 1665 630 1744 λόγος
658 1659 725 1726 ἐστὶ
753 1670 811 1745 τῆς
835 1666 867 1725 E
892 1663 975 1747 πρὸς
1001 1663 1063 1746 την
1087 1669 1119 1726 A

53 1780 86 1829 15
105 1768 235 1851 δοθείς,
264 1772 363 1851 λόγος
385 1771 450 1855 άρα
475 1766 544 1834 ἐστὶ
571 1766 709 1833 καὶτοῦ
733 1768 798 1832 ὑπὸ
822 1779 890 1832 τῶν
912 1773 958 1852 Α,
977 1774 1009 1832 A
1039 1769 1123 1852 πρὸς

104 1875 141 1938 τὸ
165 1874 230 1938 ὑπὸ
254 1886 323 1939 τῶν
343 1881 385 1958 A,
404 1880 436 1939 E
458 1876 586 1950 δοθείς·
609 1883 654 1962 τῷ
678 1871 715 1938 δέ
737 1873 803 1939 ὑπὸ
826 1885 894 1939 τῶν
917 1881 958 1958 Α,
977 1879 1009 1938 E
1031 1873 1122 1939 ἐστιν

107 1985 181 2045 ίσον
204 1981 241 2045 τὸ
265 1980 330 2046 ὑπὸ
354 1992 422 2046 τῶν
447 1985 486 2063 Β,
506 1983 551 2044 Γ·
583 1982 682 2062 λόγος
710 1981 774 2066 άρα
802 1978 858 2044 καὶ
883 1989 943 2045 τοῦ
965 1980 1031 2045 ὑπὸ
1055 1992 1123 2046 τῶν

106 2092 149 2170 A,
168 2092 201 2151 A
223 2087 307 2172 πρὸς
330 2087 368 2150 τὸ
390 2085 457 2151 ὑπὸ
480 2096 549 2151 τῶν
571 2090 610 2168 Β,
630 2088 662 2150 Γ
681 2084 751 2150 ἐστι
774 2086 897 2162 δοθείς.
943 2089 1033 2151 ἔστιν
1057 2088 1123 2171 άρα

107 2192 152 2268 ὡς
174 2192 195 2275 η
220 2198 252 2256 A
275 2194 358 2278 πρὸς
381 2193 443 2275 τὴν
463 2194 500 2276 Γ,
524 2192 630 2268 οὕτως
653 2191 674 2274 η
698 2195 727 2255 Β
750 2193 834 2277 πρὸς
856 2191 899 2275 ἣν
921 2192 941 2275 ἡ
965 2198 997 2256 A
1020 2195 1123 2275 λόγον

52 2309 88 2358 20
107 2301 172 2382 ἔχει
195 2296 385 2381 δεδομένον.

579 2419 647 2485 κδ’.

172 2541 249 2607 Ἐάν
267 2543 329 2607 δύο
349 2543 481 2608 εὐθεῖαι
499 2539 604 2609 δοθὲν
621 2548 745 2631 χωρίον
763 2544 958 2631 περιέγωσιν
977 2544 1014 2610 έν
1028 2547 1123 2610 δεδο-
1191 2570 1194 2575 ·

108 2647 190 2734 μένη
214 2651 329 2736 γωνία,
354 2648 374 2731 ἡ
399 2645 435 2714 δὲ
459 2646 554 2735 ἑτέρα
576 2659 634 2734 της
657 2648 769 2737 ἑτέρας
792 2652 930 2737 δοθείση
953 2655 1072 2736 μείζων
1091 2646 1123 2738 ᾖ,

37 2745 42 2754 ’
107 2753 164 2820 καὶ
187 2752 323 2841 ἑκατέρα
348 2755 459 2820 αὐτῶν
483 2759 573 2821 ἔσται
597 2758 746 2823 δοθεῖσα.

55 2871 90 2921 25
177 2863 240 2926 δύο
263 2862 327 2948 γάρ
352 2861 483 2926 εὐθεῖαι
505 2863 544 2926 αί
564 2867 644 2945 ΑΒ,
664 2866 731 2928 ΒΓ
754 2860 859 2928 δοθὲν
885 2866 1010 2949 χωρίον
1032 2885 1124 2948 περι-

109 2966 273 3055 εχέτωσαν
291 2968 328 3032 τό
343 2973 376 3032 A
382 2971 415 3032 Γ
431 2966 467 3033 έν
486 2967 646 3054 δεδομένη
664 2972 771 3057 γωνίᾳ
788 2979 828 3055 τη
846 2969 912 3035 ὑπὸ
930 2980 998 3035 τῶν
1011 2973 1125 3052 ΑΒΓ,

183 3165 206 3212 1.
227 3155 379 3282 τεσσάρωῖ]
399 3177 452 3214 om.
472 3159 499 3213 b.
577 3166 602 3213 λ.
622 3157 764 3230 ἀνάλογον
784 3193 816 3200 -
836 3166 861 3215 4.
882 3156 1048 3232 δεδομένον]
1068 3178 1125 3231 mg.

111 3245 164 3282 om.
185 3246 242 3283 acc.
261 3234 331 3283 m.1
376 3273 381 3284 .
455 3235 479 3285 2.
499 3227 631 3300 γίνεσθαι
649 3230 699 3286 vb.
774 3231 898 3287 ἔσται-
913 3237 937 3285 4.
958 3228 1125 3302 δεδομένον]

110 3299 142 3353 αλ
165 3299 193 3364 ἐξ
212 3299 300 3370 ἀρχῆς
325 3301 437 3355 εὐθεῖαι
460 3298 549 3364 οὕτως
571 3299 664 3366 ἕξουσι
685 3302 756 3370 πρὸς
778 3302 897 3371 ἀλλήλας
923 3302 943 3356 b
971 3303 1001 3356 et
1023 3302 1127 3357 deinde

110 3401 168 3473 τερ.
187 3405 213 3456 p.
231 3392 289 3457 162,
305 3392 349 3442 22.
369 3386 437 3443 ὥστε
452 3419 486 3428 -
499 3407 526 3458 p.
543 3395 603 3459 164,
621 3395 646 3444 2.
666 3387 788 3454 εὐθείας.
846 3396 886 3477 Β.
905 3387 1034 3462 τετάρτη]
1053 3380 1073 3444 δ
1095 3391 1129 3448 Ρ.

145 3471 253 3546 τρίτην]
272 3479 290 3545 γ
308 3476 342 3543 Ρ;
363 3497 399 3530 -ι-
417 3476 515 3532 iuras.
529 3497 566 3532 m.
583 3484 596 3532 1
616 3495 642 3532 v.
698 3476 827 3551 δευτέρα]
846 3481 864 3550 β
881 3479 912 3535 Ρ.
971 3484 994 3534 7,
1014 3480 1127 3551 αὐταῖς]

55 3568 117 3616 h
