2400 3840
130 176 182 240 ,40
541 179 744 231 ΔΕΔΟΜΕΝΑ.

611 363 675 404 κα.
1121 401 1125 410 .

173 501 175 505 ψ
203 452 282 518 Ἐὰν
304 448 326 540 ᾖ
350 456 411 519 δύο
434 453 557 539 μεγέθη
582 454 752 539 δεδομένα,
775 453 830 519 καὶ
850 462 1020 543 προστεθῇ
1039 455 1161 533 αὐτοῖς

139 559 263 644 μεγέθη
286 562 370 647 πρὸς
392 559 517 645 ’ἄλληλα
539 563 640 644 λόγον
667 565 784 646 ἔχοντα
806 562 1001 647 δεδομένον,
1028 563 1079 627 τὰ.
1095 564 1158 628 ὅλοι

139 669 223 752 πρὸς
250 669 375 751 ἄλληλα
402 668 475 750 ἤτοι
503 669 605 750 λόγον
630 665 695 745 ἔξει
723 665 902 752 δεδομένον
930 667 951 751 ἢ
978 669 1016 734 τὸ
1039 661 1158 756 ἕτερον

105 789 121 835 5
143 782 204 838 τοῦ
228 771 343 858 ἑτέρον
366 772 503 839 δοθέντι
525 776 635 857 μεῖζόν
658 770 748 838 ἔστιν
771 773 791 856 ἢ
814 773 851 838 έν
872 776 978 863 λόγφί

208 882 291 945 ἔστω
316 880 378 944 δύο
400 879 524 964 μεγέθη
548 878 708 964 δεδομένα
730 880 770 943 τδι
788 883 865 964 ΑΒ,
884 882 955 965 ΓΔ,
972 877 1033 944 οιαὶ
1050 899 1155 967 προσ-

115 1054 119 1064 ,
140 989 265 1051 κείσθω
290 986 403 1062 αὐτοῖς
424 984 549 1070 μεγέθη
572 987 612 1050 τδι
630 990 706 1069 ΑΕ,
727 989 788 1069 ΓΖ
811 989 913 1069 λόγον
935 990 1054 1070 έχοντα
1071 989 1157 1073 πρὸς

142 1093 267 1174 όλληλοι
291 1089 483 1175 δεδομένον·
507 1090 602 1174 λέγω,
625 1091 675 1156 ότι
698 1092 738 1155 τὰ
761 1092 821 1157 όλοι
838 1093 879 1157 τὰ
897 1096 971 1176 ΕΒ,
985 1097 1049 1157 ΖΔ
1070 1096 1158 1179 πρὸς

143 1198 270 1279 ἄλληλα
296 1199 370 1280 ἦτοι
397 1199 498 1280 λόγον
525 1195 587 1275 ἕξει
614 1196 809 1283 δεδομένον,
840 1197 861 1281 ἢ
888 1199 926 1264 τὸ
953 1197 1068 1286 ἕτερον
1095 1209 1158 1265 τοῦ

87 1317 122 1364 10
141 1299 254 1387 ἑτέρον
279 1302 414 1368 δοθέντι
437 1305 546 1387 μεῖζόν
569 1303 658 1369 ἐστιν
681 1304 702 1388 ἣ
725 1294 883 1391 ε’νλόγῳζ
907 1332 910 1337 ·

210 1406 279 1474 ἐπεὶ
298 1411 361 1494 γὰρ
381 1408 485 1474 δοθέν
504 1409 594 1475 ἐστιν
613 1408 767 1497 ἑκάτερον
785 1423 852 1492 τῶν
870 1414 947 1496 ΑΒ,
961 1414 1033 1496 ΓΛ,
1056 1414 1159 1495 λόγος

140 1517 205 1600 ἄρα
228 1524 289 1580 τοῦ
311 1521 377 1581 AB
400 1518 483 1602 πρὸς
504 1517 542 1582 τὸ
566 1519 627 1581 ΓΔ
650 1518 772 1594 δοθείς.

208 1619 264 1686 κοιλ
287 1622 318 1687 ελ
339 1618 400 1705 μὲν
422 1622 440 1688 δ
464 1623 563 1699 αὐτός
585 1622 653 1688 έστι
677 1633 722 1711 τῷ
745 1633 805 1688 τοῦ
824 1629 891 1689 EA
913 1627 996 1709 πρὸς
1019 1627 1056 1690 τὸ
1082 1630 1158 1710 ΓΖ,

141 1731 232 1793 ἔσται
250 1726 306 1793 καὶ
325 1728 405 1794 όλον
423 1739 482 1795 τοῦ
497 1735 560 1795 ΕΒ
584 1731 765 1817 τρὸςόλον
782 1733 819 1797 τὸ
835 1736 896 1817 ΖΔ
914 1721 1012 1814 λόγος
1029 1733 1158 1811 δοθείς.

90 1850 123 1899 15
209 1837 241 1899 εἰ
262 1831 299 1900 δὲ
322 1836 377 1919 οὔ,
407 1838 599 1919 πεποιήσθω
623 1837 668 1913 ὡς
690 1839 727 1902 τὸ
750 1842 819 1902 ΑΕ
838 1840 923 1924 πρὸς
945 1842 1022 1922 ΓΖ,
1049 1839 1160 1917 οὕτως

143 1943 181 2006 τὸ
204 1945 275 2005 HA
296 1943 380 2027 πρὸς
401 1945 438 2008 τὸ
463 1947 536 2008 ΓΛ·
559 1945 658 2025 λόγος
680 1945 744 2028 ἄρα
766 1951 826 2008 τοῦ
846 1948 913 2008 HA
934 1947 1018 2032 πρὸς
1037 1947 1076 2012 τὸ
1097 1951 1161 2012 ΓΔ

143 2049 268 2125 δοθείς.
306 2045 411 2113 δοθέν
429 2045 466 2112 δέ
484 2050 520 2114 τὸ
535 2052 610 2113 ΓΛ·
634 2045 738 2114 δοθὲν
760 2050 825 2135 ἄρα
847 2047 902 2115 κοιλ
919 2053 957 2116 τὸ
973 2055 1051 2118 ΗΑ.
1089 2057 1160 2118 ἔστι

145 2151 184 2219 δὲ
206 2152 262 2219 καὶ
284 2156 321 2219 τὸ
345 2159 411 2219 ΑΒ
440 2153 555 2220 δοθέν·
587 2153 643 2219 καὶ
666 2155 783 2220 λοιπὸν
808 2157 932 2242 ἄρατὸ
955 2161 1023 2223 ΗΒ
1040 2159 1160 2239 Ιδοθέν

145 2260 243 2324 ἐστιν.
288 2259 344 2325 καὶ
367 2254 439 2325 έτιεί
460 2259 549 2325 ἐστιν
572 2261 616 2337 ὡς
638 2263 676 2327 τὸ
699 2266 766 2326 ΕΑ
788 2264 872 2347 πρὸς
896 2266 966 2347 ΖΓ,
990 2264 1098 2342 οὕτως
1120 2267 1158 2330 τὸ

87 2380 125 2428 20
143 2370 220 2430 AH
238 2367 322 2451 πρὸς
339 2367 376 2431 τὸ
397 2370 467 2450 ΓΛ,
489 2364 545 2430 καὶ
563 2367 643 2432 ὅλον
665 2377 726 2432 τοῦ
745 2373 821 2432 ΕΗ
839 2371 922 2453 πρὸς
940 2370 1020 2436 ὅλον
1038 2373 1075 2437 τὸ
1097 2376 1160 2437 ΖΔ

62 2474 69 2485 “
147 2473 245 2553 λόγος
274 2471 342 2537 ἐστὶ
370 2474 493 2549 δοθείς.
547 2471 602 2538 καὶ
629 2470 733 2538 δοθέν
760 2475 797 2539 τὸ
820 2477 903 2539 ΗΒ·
940 2477 977 2541 τὸ
1000 2480 1064 2541 ΕΒ
1094 2479 1160 2563 ἄρα

147 2587 207 2643 τοῦ
233 2583 294 2643 ΖΔ
317 2577 453 2644 δοθέντι
475 2583 585 2665 μεῖζόν
607 2579 697 2645 ἐστιν
719 2579 740 2663 ἢ
764 2579 799 2646 έν
822 2583 918 2668 λόγῳ.
1019 2659 1028 2677 .

616 2746 636 2787 κ
662 2721 680 2787 '.

208 2836 285 2903 Ἐδν
295 2837 356 2903 δύο
366 2834 490 2921 μεγέθη
500 2839 586 2922 πρός
599 2726 781 2922 τιξιέγεθος
790 2841 891 2922 λόγον
900 2842 957 2925 ἔχη
967 2836 1162 2925 δεδομένον,

92 2956 127 3004 25
145 2943 251 3009 καὶτὸ
267 2945 520 3029 συναμφότερον
533 2945 616 3029 πρὸς
629 2945 666 3009 τὸ
681 2945 762 3010 αὐτὸ
777 2948 878 3031 λόγον
891 2943 954 3023 ἕξει
968 2945 1161 3031 δεδομένον.

216 3107 241 3155 3.
261 3100 346 3170 λόγον
362 3099 461 3171 ἔχοντα
475 3101 545 3169 πρὸς
559 3099 662 3170 δι’λληλοι
681 3103 705 3172 β.
770 3108 795 3154 4.
816 3101 915 3172 έειβ.
976 3106 1000 3156 7.
1019 3105 1090 3176 ΑΕ]
1110 3110 1161 3159 AB

48 3182 52 3191 ’
147 3173 223 3242 νοτ,
247 3188 315 3227 corr.
335 3190 371 3226 m.
391 3178 417 3226 2.
490 3177 513 3226 9.
535 3170 590 3243 ἔχει
609 3188 634 3227 ο.
708 3179 748 3226 10.
769 3122 896 3244 δοθέντι]
915 3170 1005 3228 δοθέν
1024 3189 1051 3229 a.
1118 3182 1161 3230 13.

146 3247 239 3298 ΑΕο.
297 3247 351 3298 ΖΓ
366 3260 391 3297 ε.
451 3248 493 3298 14.
515 3244 573 3316 ΖΛ]
596 3246 643 3297 ΖΑ
659 3241 759 3313 Pvat„
781 3260 849 3298 corr.
864 3243 1010 3299 m.2Vat.
1066 3245 1161 3318 λόγος]

146 3332 199 3370 om.
220 3333 246 3370 a.
315 3318 429 3370 15.EA
447 3314 565 3383 τρδςτδ
587 3318 680 3369 ΖΓο.
751 3320 792 3369 16.
811 3316 927 3371 καὶτοῦ
945 3319 1047 3371 AHa.
1118 3323 1159 3371 1⁷.

144 3391 205 3441 ΑΗ
216 3403 264 3440 va.
322 3387 395 3441 ἔστιν
408 3404 434 3440 v.
491 3391 532 3440 19.
548 3384 715 3454 ἐστιηνείοτο
725 3384 798 3456 loco)
813 3386 893 3441 codd.
947 3384 1161 3461 nai-ww]

146 3474 200 3511 om.
220 3475 245 3512 ο.
312 3464 353 3512 19.
373 3457 404 3512 τὸ
425 3460 480 3511 ΖΓ
498 3457 563 3512 vat.
633 3461 674 3509 20.
694 3455 725 3509 τό
735 3458 808 3528 (pr.)]
828 3474 880 3512 om.
896 3475 921 3511 v.
985 3463 1027 3512 21.
1044 3456 1120 3514 ἐστίν
1134 3476 1159 3513 v.

182 3535 223 3582 24.
237 3528 293 3600 ἔχει
302 3548 328 3599 v,
340 3528 389 3582 sed
398 3527 447 3582 alt.
459 3545 472 3582 ε
482 3544 552 3582 eras.
598 3531 640 3582 25.
651 3526 682 3581 τό
693 3529 766 3599 (pr.)]
778 3531 861 3600 οεοβ.
907 3527 938 3582 τό
944 3528 1027 3602 (111)]
1038 3530 1160 3585 om.Va†..
