2400 3840
64 120 131 185 330
348 122 529 175 Amnum
547 122 792 178 εοΗοιιοεοα.

131 266 182 331 27.
212 263 289 331 Ἐάν
311 266 375 352 γὰρ
398 265 462 331 άπὸ
486 275 545 331 τοῦ
569 265 622 344 δὶς
643 267 708 332 ὑπὸ
732 277 800 331 τῶν
822 269 924 331 ΒΑΓ
948 266 1080 351 ἀφέλω-

63 395 124 457 μεν
146 373 183 436 τὸ
207 370 260 449 δὶς
281 371 346 438 ὑπὸ
370 383 438 437 τῶν
457 377 519 438 BA
525 378 563 456 Z,
586 375 623 438 τὸ
646 364 926 457 καταλειπόμενόν
947 372 1018 438 έστι
1042 376 1080 440 τὸ

64 477 116 555 δὶς
138 479 203 544 ὑπὸ
227 491 294 544 τῶν
317 484 389 563 B·A,
410 483 479 544 ΖΓ.

131 605 182 669 28.
215 601 313 669 Ὥστε
339 603 395 669 καὶ
422 613 481 669 τοῦ
509 604 575 669 ὑπὸ
602 615 670 670 τῶν
696 607 770 688 ΕΓ,
794 609 859 670 ΑΒ
885 629 917 691 p.
941 607 1019 692 212,
1043 605 1078 691 6]

28 712 95 775 οελ
120 711 183 796 γὰρ
216 712 277 795 την
305 713 372 774 ΖΓ
400 708 450 774 ἐπ’
476 711 609 786 εὐθείας
636 719 695 793 τῆς
721 713 790 775 ΕΓ
816 712 990 795 νοήσωμεν
1023 710 1079 777 ιιαλ

62 818 178 882 κοινὸν
200 817 287 895 ὕψος
309 818 369 900 τὴν
391 821 468 899 BA,
496 819 587 881 ἔσται
614 817 651 881 τὸ
679 819 858 902 λεγόμενον
881 818 999 902 δῆλον·
1033 819 1080 896 ὡς

62 925 126 1010 γάρ
149 924 169 1007 ἡ
193 927 262 988 ΕΓ
282 923 379 1007 βάσις
402 924 486 1009 πρὸς
508 924 569 1007 τὴν
593 926 654 988 ΓΖ
677 924 791 1009 βάσιν,
819 923 925 1001 οὕτως
947 927 984 990 τὸ
1009 931 1078 991 ΕΑ

62 1033 420 1118 παραλληλόγραμμον,
451 1028 602 1095 τουτέστι
633 1031 670 1095 τὸ
698 1031 764 1096 ὑπὸ
796 1042 864 1096 τῶν
891 1035 969 1115 ΕΓ,
999 1036 1078 1117 BA,

61 1139 145 1222 πρὸς
167 1139 205 1202 τὸ
225 1141 290 1200 ΑΖ
312 1139 666 1222 παραλληλόγραμμον,
689 1136 838 1203 τουτέστι
860 1139 897 1203 τὸ
920 1137 988 1203 ὑπὸ
1009 1150 1078 1204 τῶν

12 1253 44 1303 ιο
64 1246 135 1327 ΖΓ,
154 1248 229 1307 ΑΒ.

129 1368 181 1432 29.
227 1371 293 1432 Τοῦ
326 1363 363 1431 δὲ
393 1366 459 1431 ὑπὸ
491 1378 559 1431 τῶν
590 1372 672 1452 AB,
696 1372 760 1434 ΓΕ
789 1369 873 1456 πρὸς
903 1369 941 1434 τὸ
973 1373 1083 1436 ΑΒΓ

61 1498 90 1558 p.
111 1476 186 1560 212,
206 1473 306 1558 7-8]
336 1474 392 1538 διὰ
414 1475 451 1539 τὸ
474 1475 536 1557 τὴν
560 1477 623 1539 ΓΕ
649 1475 793 1541 κάθετον
819 1470 905 1540 εἶναι
932 1474 986 1541 ε’πλ
1016 1479 1078 1561 τὴν

63 1585 126 1645 BA
149 1578 391 1665 έκβαλλομένην
414 1578 468 1644 καὶ
491 1582 645 1662 γίνεσθαι
669 1581 844 1647 διπλάσιον
866 1583 903 1647 τὸ
922 1581 988 1647 ὑπὸ
1008 1595 1079 1650 τῶν

62 1691 135 1769 BA,
153 1689 221 1750 ΕΓ
238 1694 299 1751 τοῦ
323 1689 427 1752 ΑΒΓ
445 1687 620 1772 τριγώνου.

8 1821 43 1870 15
128 1812 181 1877 30.
206 1809 282 1876 Ἐάν
300 1813 363 1897 γάρ
383 1812 439 1875 διὰ
457 1821 516 1877 τοῦ
532 1815 564 1876 Γ
578 1820 617 1897 τῇ
632 1816 695 1877 ΕΒ
713 1812 926 1898 παράλληλον
944 1812 1078 1896 ἀγάγω-

61 1941 121 2002 μεν
144 1916 199 1982 καὶ
223 1919 279 1982 διὰ
301 1930 369 1983 τῶν
388 1926 430 2002 Α,
445 1923 473 1982 Β
496 1928 535 2004 τῇ
553 1922 622 1983 ΕΓ
638 1920 870 2004 παραλλήλους
887 1919 1077 2007 άγάγωμεν,

62 2027 152 2089 ἔσται
180 2024 292 2108 δῆλον.
340 2027 376 2090 τὸ
400 2026 464 2112 γάρ
486 2025 552 2090 ὑπὸ
575 2028 652 2110 ΕΓ,
672 2030 737 2090 ΑΒ
761 2024 830 2090 ἐστι
853 2027 890 2091 τὸ
913 2030 991 2110 ΑΒ,
1020 2027 1078 2093 καὶ

60 2132 98 2195 τὸ
127 2136 192 2196 ΑΒ
221 2132 397 2197 διπλάσιόν
424 2131 492 2196 ε’στι
519 2141 580 2196 τοῦ
603 2135 708 2197 ΑΒΓ
730 2133 911 2218 τριγώνου,
937 2131 994 2198 καὶ
1019 2135 1078 2199 διὰ

61 2247 159 2302 τοῦτο
182 2241 284 2321 λόγον
307 2242 372 2324 ἔχει
399 2240 483 2325 πρὸς
505 2240 542 2304 τὸ
566 2242 672 2304 ΑΒΓ
692 2243 857 2325 τρίγωνον
884 2238 1077 2325 δεδομένον.

6 2373 43 2421 20
130 2365 180 2427 31,
206 2361 282 2427 Ἐάν
301 2365 363 2449 γὰρ
380 2365 435 2428 διὰ
453 2372 513 2429 τοῦ
529 2366 561 2427 Γ
578 2372 616 2448 τῇ
631 2368 695 2429 ΕΒ
713 2364 925 2450 παράλληλον
944 2364 1078 2448 ἀγάγω-

61 2491 122 2552 μεν
144 2466 198 2532 ιιαὶ
222 2469 279 2532 διὰ
301 2481 368 2534 τῶν
387 2474 471 2553 Α,Β
495 2478 534 2554 τῇ
553 2473 621 2534 ΕΓ
638 2472 871 2556 παραλλήλους
888 2470 1076 2559 ἀγάγωμεν,

61 2576 151 2638 ἔσται
175 2575 292 2658 δῆλον·
324 2574 431 2661 ἡγὰρ
460 2575 523 2640 ἀπὸ
547 2585 606 2640 τοῦ
631 2582 663 2641 A
691 2583 745 2660 λση
769 2575 837 2642 έστλ
860 2586 899 2662 τῇ
922 2580 999 2662 ΕΓ,
1029 2580 1081 2658 ὡς

61 2682 126 2764 ἔχει
150 2682 219 2746 άνω
243 2682 280 2746 τὸ
304 2685 447 2766 σχόλιον.

131 2910 351 2977 τιΡινοιρι,
416 2915 563 2966 ουτοι.
630 2909 971 2980 3οΡ1νοιωΜοιιριο.
1029 2921 1073 2970 31.

60 2980 341 3049 PlVat.vMon.690.

133 3201 156 3247 1.
185 3191 344 3265 ἀφέλωμεν]
370 3191 566 3261 ὃιοιστελλωμεν
589 3193 684 3261 Vm.
775 3201 800 3250 2.
825 3200 873 3249 BA
882 3197 919 3268 Z]
944 3201 1028 3252 ΒΑΓ
1047 3220 1071 3268 ρ.

98 3271 139 3318 17.
161 3264 247 3336 ἔσται]
267 3281 355 3334 comp.
375 3264 491 3332 PIVat,
515 3264 571 3332 άροι
589 3264 664 3319 Mon.
739 3271 780 3320 18.
800 3267 862 3338 AB]
881 3270 936 3323 ΑΟ
953 3268 1072 3340 Plvat,

60 3339 121 3389 AN
137 3356 160 3402 ρ.
216 3343 259 3391 20.
278 3334 467 3407 παράλληλον]
487 3352 541 3390 om.
561 3352 626 3404 σρο.
682 3342 723 3391 21.
744 3338 811 3409 τῶν]
830 3346 879 3392 τοῦ
899 3356 943 3407 σρ.
999 3359 1073 3410 παρ-

60 3406 206 3477 αλλήλους]
226 3406 303 3470 λ’σους
321 3424 344 3461 c.
422 3412 464 3460 22.
485 3406 572 3477 ἔσται]
592 3424 680 3476 comp.
700 3407 817 3477 Plvat,
838 3407 912 3465 ἔστιν
930 3431 954 3479 ρ.
1027 3418 1072 3469 23.

60 3475 119 3530 άνω
138 3476 181 3548 τό]
200 3476 231 3531 τὸ
250 3476 380 3546 ἀνωτέρω
398 3477 578 3547 Vat.M0n.⁶‚
598 3477 644 3532 ἐπλ
663 3483 700 3550 τῷ
719 3477 849 3547 ἀνωτέρω
868 3500 891 3548 ρ.
