2400 3840
63 121 127 176 LIV
434 110 711 174 PROLEGOMENA.

68 264 83 318 δ
99 265 253 332 Εὐκλείδης
267 259 383 317 δοθέντι
396 264 490 331 μεῖζον
498 261 518 332 ¹)
532 257 550 330 ἢ
566 255 596 316 ἔν
611 260 689 333 λόγῳ.
717 261 865 331 praeterea
874 258 1031 315 scholiasta
1039 261 1076 315 V'

67 343 98 396 in
115 343 324 397 Elementorum
342 342 446 397 librum
469 359 552 411 quem
573 342 668 395 ferunt
691 341 829 396 decimum
853 341 985 410 quintum
1003 341 1077 395 Data

69 421 114 475 bis
138 421 242 477 adfert:
267 424 295 476 et
317 421 355 475 ad
377 420 474 476 uol.V
491 441 518 492 p.
534 426 581 490 58,
598 426 629 474 11
655 419 770 476 δέδοται
788 421 836 475 καὶ
859 420 876 490 ἡ
901 426 955 474 ΒΔ
983 423 1014 476 et
1041 421 1076 475 ad

66 521 94 572 p.
111 508 153 570 60,
169 508 202 554 22
221 509 270 571 τῆς
284 507 337 555 ΒΔ
355 498 509 572 δεδομένης
527 501 647 555 adnotat
665 499 713 555 διὰ
729 501 761 555 τὸ
775 500 823 574 μβ’
839 509 894 555 τῶν
907 502 1076 571 Δεδομένων

69 581 232 638 Εὐκλείδου.
261 582 368 638 saeculi
387 582 489 637 decimi
507 582 602 651 quarti
620 581 741 651 insignis
759 581 840 636 testis
857 584 901 637 est
914 582 1075 639 Theodorus

68 663 236 731 Metochita‚
264 663 314 732 qui
341 661 608 734 Ἵπομνηματισμῶν
635 681 662 732 p.
685 667 735 716 108
764 662 807 717 ed.
831 661 976 734 Kiessling
1004 663 1076 718 inter

67 742 193 797 Euclidis
207 743 294 796 libros
308 740 383 795 Data
396 741 532 796 nominat.
559 741 636 796 idem
655 741 768 813 (Sathas
787 743 957 812 μεσαιωνικὴ
973 745 1076 816 βιβλω-

67 823 145 892 θήκη
164 824 177 876 Ι
194 842 220 893 p.
236 822 293 893 ρκ’)
307 819 385 891 dicit,
403 823 555 891 postquam
567 821 723 876 Ptolemaei
736 821 933 893 Almagestum
952 822 1076 891 adiisset,

67 903 240 957 intellexisse
255 918 292 970 se,
312 918 376 956 eum
390 900 449 954 sine
463 900 595 969 interiore
609 901 828 957 mathematicae
842 901 1004 972 cognitione
1020 902 1077 975 legi

68 1001 126 1037 non
143 999 238 1052 posse3
266 981 367 1035 deinde
385 983 422 1051 (p.
438 981 496 1051 ρδ’)
513 981 619 1052 pergit:
647 980 747 1036 τούτου
767 1001 813 1050 μοι
832 989 881 1037 τοῦ
902 982 1076 1037 σκοποῦκαὶ

69 1071 118 1117 τοῦ
137 1062 226 1116 πόνον
245 1061 263 1128 ἡ
281 1069 330 1130 τῆς
347 1069 531 1131 γεωμετρικῆς
548 1058 672 1131 θεωρίας
690 1059 730 1124 είς
747 1059 824 1125 τέλος
843 1059 959 1132 ἔρευνα,
979 1060 1031 1130 ὅση
1049 1082 1078 1117 τε

71 1139 101 1197 έν
126 1139 269 1203 ἐπιπέδοις
292 1141 431 1212 Εὐκλείδῃ
455 1149 639 1210 στοιχειοῦται
666 1141 715 1195 καὶ
738 1139 787 1210 ὅση
814 1137 844 1196 έν
869 1148 1004 1213 στερεοῖς,
1032 1143 1079 1197 καὶ

69 1222 125 1293 μὴν
145 1219 185 1274 ἔτι
203 1219 252 1274 καὶ
270 1219 340 1274 ἅττα
358 1226 395 1293 τῷ
414 1221 498 1291 ἀνδρὶ
515 1222 761 1291 προσεξείργασται
780 1220 881 1276 ὀπτικοί
897 1242 927 1277 τε
947 1223 996 1277 καὶ
1015 1244 1078 1278 κατ·

70 1299 190 1369 οπτρικὰ
212 1298 261 1353 καὶ
284 1298 455 1370 δεδομένα
478 1299 580 1354 καὶτὰ
598 1301 735 1370 περὶτῶν
754 1299 818 1356 κατ’
835 1302 958 1372 οὐρανὸν
977 1322 1078 1372 φαινο-

69 1379 174 1450 μένων,
203 1380 321 1449 ὡσπερεί
343 1378 478 1450 πρόθυρα
495 1400 559 1434 τινα
581 1389 669 1435 ταῦτα
693 1381 741 1435 καὶ
764 1381 904 1451 προαίλια
926 1392 982 1438 τῶν
1003 1380 1080 1446 ἐντὸς

69 1459 236 1531 ἀπορρήτων
254 1480 283 1514 τε
302 1461 351 1514 καὶ
369 1459 479 1514 ἀδύτων
498 1460 690 1530 ἀστρονομίας.

141 1539 197 1595 Sed
215 1540 387 1594 redeundum
405 1542 449 1594 est
467 1540 504 1593 ad
524 1540 666 1594 saeculum
685 1541 722 1610 X,
748 1558 803 1611 quo
822 1543 898 1597 Data
916 1543 954 1598 ad
971 1544 1079 1600 Arabes

69 1638 133 1675 cum
152 1621 252 1675 ceteris
266 1620 347 1674 libris
367 1620 426 1675 eius
440 1619 615 1675 collectionis
628 1624 824 1690 peruenerunt,
844 1640 916 1692 quae
933 1641 951 1678 a
966 1624 1078 1681 Graecis

70 1702 85 1756 δ
109 1702 206 1771 μικρὸς
230 1699 513 1772 ἀστρονομούμενος’)
538 1700 737 1771 adpellabatur
758 1704 788 1757 et
811 1719 884 1771 quae
904 1704 996 1760 maior
1014 1722 1078 1776 pars

72 1783 134 1835 erat
152 1798 248 1836 eorum
265 1780 409 1850 librorum,
429 1798 499 1850 quos
513 1781 620 1834 Arabes
638 1783 782 1836 uocabant
796 1782 1017 1854 intermediosl).
1048 1803 1080 1842 ac

71 1862 178 1932 primus
201 1862 315 1932 quidem
338 1862 420 1916 Ishec
438 1862 494 1915 ben
511 1860 623 1936 Honein
645 1862 756 1916 saec.X
779 1862 855 1917 Data
877 1862 1079 1935 interpretatus

70 1944 125 2009 est;
146 1958 208 1995 eam
228 1944 322 1996 autem
340 1941 601 2011 interpretationem
618 1941 700 1996 breui
716 1943 781 2012 post
799 1943 963 1999 emendeuit
976 1945 1081 2001 Thabit

70 2022 126 2075 ben
142 2021 247 2076 Corrah
266 2024 295 2076 et
313 2038 385 2076 saec.
400 2021 465 2074 XIII
483 2021 648 2092 recognocit
666 2022 928 2092 commentariisque
947 2024 1080 2080 instruxit

70 2101 222 2156 Nasiredin
236 2101 312 2156 Tusi.
341 2102 376 2155 de
389 2102 467 2155 fonte
483 2100 566 2155 huius
585 2101 825 2172 interpretationis
844 2105 873 2157 et
892 2104 926 2158 de
940 2105 1080 2160 editorum

72 2181 205 2235 subsidiis
229 2181 301 2234 nihil
324 2180 394 2235 certi
415 2180 525 2234 adferre
542 2197 669 2251 possum,
694 2197 757 2235 cum
775 2182 886 2237 codices
904 2182 983 2253 ipsos
1001 2186 1079 2242 adire

72 2261 143 2314 mihi
161 2278 217 2314 non
230 2260 354 2328 licuerit3
374 2259 445 2313 illud
459 2261 557 2314 tamen
569 2260 682 2315 uidetur
695 2261 756 2315 ueri
770 2261 954 2334 simillimum,
974 2265 1079 2322 Arabes

69 2339 231 2393 recensione
245 2338 366 2409 uulgari,
380 2356 437 2393 non
451 2338 572 2393 Theonis
586 2358 651 2395 usos
666 2358 740 2409 esse;
758 2359 786 2397 u.
800 2342 868 2413 Haii
881 2343 987 2399 Khalfa
1000 2345 1079 2400 Lexi-

71 2434 124 2472 con
145 2417 277 2489 bibliogr.
302 2417 344 2473 ed.
364 2417 480 2489 Fluegel
498 2419 524 2473 V
546 2439 573 2490 p.
589 2424 641 2474 154
664 2427 821 2477 nn10511:
848 2423 986 2480 ‘Euclidis
1009 2426 1080 2482 liber

71 2497 202 2551 datorum
216 2530 258 2553 -.
287 2501 353 2553 sunt
370 2499 526 2570 nonaginta
544 2500 667 2569 quinque
685 2502 814 2571 figurae,
836 2505 921 2573 etque
939 2504 1035 2560 Nicoll
1053 2509 1080 2562 et

71 2576 164 2647 Puse)⁷
182 2577 251 2632 bibl.
270 2578 415 2633 Bodleian.
435 2579 515 2634 codd.
535 2598 601 2636 mss.
621 2579 718 2637 orient.
738 2582 860 2655 catalog.
879 2584 918 2653 ΙΙ,
942 2585 993 2640 ubi
1014 2586 1080 2642 inde

72 2674 90 2710 a
113 2675 140 2726 p.
161 2662 212 2710 257
236 2656 342 2727 scripta
364 2662 574 2731 enumerantur,
603 2678 674 2730 quae
698 2661 795 2718 cedite
819 2669 871 2718 279
895 2664 1079 2735 continentur,

31 2806 34 2811 ⁵
70 2757 99 2808 p.
115 2743 179 2792 260:
201 2736 284 2790 ‘liber
303 2737 453 2808 singularis
472 2739 608 2794 Datorum
626 2741 760 2811 Euclidis‚
780 2743 826 2797 cui
845 2744 990 2800 schemata
1006 2747 1062 2801 95’.

69 2875 284 2885 ——-—-—-

146 2962 171 3030 1)
191 2958 237 3014 sie
255 2977 305 3029 pro
327 2958 443 3015 δοθέντι
463 2961 548 3025 οὕτως
572 2963 736 3033 (‘ambiguo
755 2965 936 3036 compendio’
956 2966 1081 3039 Ddbner)

72 3030 224 3101 legendum
243 3047 302 3084 esse
321 3031 430 3085 monuit
448 3033 572 3104 Heiberg
590 3033 708 3089 Studien
726 3055 753 3105 p.
770 3042 835 3104 2233
854 3055 880 3090 u.
897 3036 950 3092 def.
967 3043 1009 3092 11.

147 3104 173 3170 θ)
192 3101 225 3156 U.
239 3101 352 3172 Pappus
371 3121 397 3173 p.
413 3109 478 3173 4743
497 3104 644 3159 Fabricius
662 3105 735 3160 Bibl.
751 3106 796 3161 Gr.
812 3108 851 3162 IV
869 3127 896 3179 p.
912 3114 959 3176 163
979 3107 1082 3165 Cantor

72 3172 240 3228 Geschichte
258 3172 284 3226 d.
304 3173 392 3228 Math.
413 3175 469 3244 (ed.¹
480 3178 532 3246 pr.)
550 3177 563 3229 I
581 3195 608 3247 p.
624 3182 684 3231 380.
901 3177 905 3185 ’

144 3247 171 3312 3)
190 3243 222 3298 U.
239 3243 322 3298 Gertz
342 3245 377 3299 de
390 3245 515 3300 Euclidis
532 3247 647 3318 interpr.
662 3251 691 3303 et
704 3249 814 3319 explan.
829 3250 927 3319 Arab.;
948 3251 1081 3308 Weanch

72 3316 108 3370 de
136 3317 209 3369 auct.
234 3314 330 3370 Graec.
355 3333 440 3373 uerss.
469 3320 498 3372 et
525 3321 704 3374 commentar.
731 3319 835 3388 Syriae.
858 3321 957 3390 Areb.;
991 3323 1081 3380 Stein-

72 3385 219 3440 schneider
242 3386 375 3442 Zeitschr.
394 3388 413 3443 f.
432 3389 520 3446 Meth.
540 3407 566 3445 u.
585 3390 669 3460 Phys.
689 3391 715 3444 X
732 3410 759 3460 p.
774 3397 916 3447 lec—498
940 3396 969 3448 et
991 3395 1082 3450 XXXI

70 3457 137 3512 hist.
156 3457 222 3512 Abt.
241 3476 268 3528 p.
285 3464 343 3513 102.
