2400 3840
420 133 426 151 ⁸
525 132 630 238 aira.
810 122 812 126 Ι
1021 183 1084 249 135

71 326 287 412 permutando
320 325 374 411 [V,
402 327 457 411 16]
494 330 567 390 BA.
582 328 620 405 -l-
641 330 733 392 AF:
752 333 821 391 AA
840 357 882 380 =
901 331 969 392 ΒΓ
983 352 990 392 :
1009 333 1083 393 BA.

73 439 188 497 ueru'm
211 432 295 496 ratio
319 435 404 497 BF:
419 437 482 496 BA
505 433 589 497 data.
636 454 713 519 ergo
738 434 837 498 etiarn
859 434 943 498 ratio

265 543 328 603 BA
345 544 384 618 -l-
400 541 488 603 AF:
503 544 569 603 ΑΔ
592 539 668 604 data
692 544 741 604 est
766 539 839 620 [def.
860 541 904 620 2].
1122 609 1126 625 1

143 644 224 728 dice,
248 646 347 710 etiam
370 643 446 731 (BA
463 648 502 726 -l-
518 641 607 730 AF)
622 660 665 713 ><
679 648 743 710 ΕΔ
765 645 877 710 datum
900 668 980 711 esse.
1099 680 1101 684 v

140 774 217 816 narn
241 750 394 837 quoniam
417 751 452 819 Δ
467 754 571 816 ΑΕΓ
590 751 824 837 aequiangulus
848 755 898 816 est
920 751 1084 838 triangulo

73 862 175 922 Ana
196 857 339 943 [111,21;
357 857 466 942 1‚15]‚
485 857 547 921 ern
565 860 942 922 nn2An=Ar2rn
960 858 1085 944 [vl,4].

75 987 191 1029 uerum
222 967 313 1028 AF:
334 967 398 1028 ΓΕ
416 995 458 1017 =
476 968 539 1028 BA
559 966 598 1044 -l-
619 968 710 1029 AF:
729 967 800 1028 BF.
856 986 954 1050 quare
987 964 1086 1030 etiarn
1127 1021 1128 1024 ,

75 1075 138 1135 BA
155 1075 194 1149 -l-
210 1075 297 1135 AF:
313 1074 373 1135 ΓΒ
390 1103 430 1122 =
446 1075 509 1135 BA
524 1094 530 1134 :
545 1074 614 1135 ΛΕ
636 1069 689 1155 [V,
710 1071 775 1155 11].
820 1070 929 1154 itaque

171 1175 247 1263 (BA
263 1181 301 1256 -Ι-
319 1175 408 1263 AF)
423 1193 466 1246 ><
481 1182 548 1242 EA
563 1209 603 1230 =
621 1181 681 1241 FB
696 1195 738 1246 ><
753 1182 815 1242 BA
839 1177 997 1263 [V1,1c].

73 1283 187 1347 datum
210 1288 260 1348 est
284 1288 393 1347 autern
417 1286 478 1348 FB
495 1301 536 1351 ><
551 1288 614 1348 BA
634 1283 740 1369 [prop.
758 1283 843 1368 LII].
881 1305 958 1370 ergo
985 1285 1084 1349 etiarn

392 1386 773 1477 fflA†ANJxEA

75 1496 189 1560 datum
212 1499 261 1560 est
285 1494 362 1592 [dei
381 1495 423 1580 l].

524 1687 638 1755 XCIV.

146 1813 180 1880 si
194 1816 228 1879 in
243 1816 401 1880 diametro
417 1815 530 1879 circuli
543 1815 705 1904 positione
720 1816 788 1880 dati
802 1817 915 1882 datum
929 1822 1087 1900 punctum

79 1922 226 2006 sumitur,
251 1927 283 1986 ct
307 1944 325 1985 a
347 1926 469 2006 puncto
493 1923 533 1986 ad
552 1922 707 1988 circulum
725 1927 814 1988 recta
833 1923 941 2008 aliqua
960 1924 1089 2008 adcidit,

78 2033 111 2093 et
139 2053 158 2094 a
184 2032 306 2113 puncto
330 2028 483 2094 sectionis
512 2029 552 2092 ad
580 2029 710 2093 ductam
736 2030 1089 2115 rectamperpendicu-

77 2134 156 2200 laris
176 2136 320 2221 erigitur,
344 2140 376 2200 et
399 2158 457 2219 per
479 2139 646 2219 punctum,
667 2134 703 2198 in
726 2157 789 2220 quo
812 2137 1086 2221 perpendicularis
1137 2142 1141 2153 '

82 2241 245 2307 concurrit
268 2264 341 2307 cum
364 2243 499 2328 ambitu,
520 2241 676 2326 parallela
693 2241 820 2307 ducitur
838 2244 953 2325 ductae
972 2248 1089 2329 rectae,

21 2401 25 2408 .
81 2349 192 2413 datum
220 2353 270 2413 est
297 2353 467 2433 punctum,
498 2348 533 2413 in
561 2370 625 2434 quo
652 2349 807 2432 parallela
834 2373 907 2415 curn
931 2350 1088 2416 diametro
1126 2417 1130 2424 ,

81 2455 258 2541 concurrit,
295 2460 327 2520 et
364 2456 589 2541 rectangulum
625 2454 788 2540 parallelis
821 2458 1089 2541 comprehensum

81 2563 192 2626 datum
216 2561 286 2626 erit.

148 2690 223 2731 narn
245 2667 281 2730 in
303 2667 460 2730 diametro
484 2670 553 2731 BF
575 2665 687 2731 circuli
711 2667 875 2750 positione
898 2669 966 2732 dati
990 2672 1094 2733 ABF

82 2777 228 2853 sumatur
256 2773 367 2837 datum
394 2776 552 2856 punctum
579 2777 625 2855 A,
659 2774 691 2834 et
717 2794 775 2856 per
796 2778 833 2836 A
866 2773 906 2836 ad
934 2773 1090 2837 circulum

81 2880 216 2943 ducatur
229 2882 319 2943 recta
334 2879 442 2962 aliqua
453 2883 527 2962 AA,
541 2881 574 2941 et
588 2877 628 2940 ab
638 2881 671 2940 A
684 2877 958 2961 perpendicularis
974 2878 1014 2942 ad
1023 2883 1089 2943 ΔΑ

81 2990 170 3051 recta
188 2985 324 3049 ducatur
338 2987 413 3066 ΑΕ,
436 2986 469 3047 et
486 3003 544 3066 per
558 2986 590 3046 Ε
610 2985 718 3046 rectae
733 2988 798 3047 ΑΔ
819 2982 975 3067 parallela
994 2983 1090 3049 duca

82 3186 131 3248 τῆς
150 3180 231 3232 ΓΒΕ
250 3194 275 3229 a.
311 3206 313 3211 ·
357 3181 399 3230 12.
417 3183 473 3229 τῶν
494 3177 553 3241 ΓΒ,
568 3175 628 3244 ΒΔ]
647 3181 696 3242 τῆς
715 3177 791 3229 ΓΒΔ
810 3191 835 3230 a,
915 3174 970 3243 ἄρα
990 3172 1046 3229 ἐστί
1064 3192 1089 3231 a.

119 3255 160 3304 13.
183 3249 258 3301 Ante
277 3243 489 3315 συναμφοτέρου
508 3244 572 3300 add.
591 3252 640 3313 τῆς
658 3262 683 3299 a.
761 3246 823 3313 Seq.
843 3246 915 3299 duae
939 3247 1089 3301 demonstr.

82 3319 165 3387 aliae,
184 3337 211 3373 u.
231 3335 295 3406 app.
369 3323 410 3371 14.
431 3316 493 3387 qd]
513 3315 558 3385 Qe'
577 3314 651 3384 Vnt,
671 3316 747 3384 cdd.;
767 3317 815 3386 ἦγ’
835 3318 903 3388 Ma).
959 3322 1000 3372 19.
1020 3338 1090 3385 nup-

83 3388 210 3460 άλληλος]
225 3391 372 3458 dioprepes
384 3406 411 3457 v,
427 3403 494 3441 corr.
510 3403 594 3456 supra
609 3402 696 3456 comp.
707 3405 743 3441 m.
754 3393 778 3443 2.
834 3393 876 3444 20.
892 3387 1052 3516 tutabimur
1065 3391 1090 3461 β.

118 3466 161 3516 22.
186 3460 375 3532 ὀρθογώνιον]
399 3475 452 3514 om.
472 3459 497 3529 β.
579 3463 620 3513 23.
645 3457 713 3512 Post
736 3455 783 3513 ἐπί
801 3459 865 3514 add.
884 3467 933 3529 τῆς

83 3548 168 3601 supra
188 3548 238 3585 scr.
258 3549 294 3586 m.
314 3537 330 3586 2
350 3549 375 3587 v.
448 3536 490 3585 27.
511 3531 610 3584 εὐθεῖα
630 3529 742 3599 γραμμή
760 3548 785 3585 a.

978 3463 1039 3516 ata
1062 3463 1091 3515 et
