2400 3840
102 177 168 242 268
531 180 695 232 SCHOLIA.

473 375 527 439 Ad
549 397 639 459 prop.
658 338 760 439 VIII.

170 500 220 563 37.
247 500 292 563 Οἱ
307 507 353 587 τῷ
368 500 457 587 αὐτῷ
473 501 508 563 οἱ
519 497 614 564 αὐτοὶ
627 496 683 562 καὶ
697 498 852 581 ἀλλήλοις
867 495 953 562 εἰσὶν
967 499 1002 561 οἱ
1014 497 1120 562 αὐτοί.

171 623 222 688 38.
246 622 368 706 Πάλιν,
388 622 461 688 ἐπεί
475 646 506 707 p.
520 623 570 708 14,
589 622 642 707 12]
663 618 732 686 ἐπεὶ
745 621 809 707 γὰρ
829 619 961 686 δέδοται
980 620 998 686 ό
1018 630 1079 686 τοῦ
1094 625 1127 687 Γ

102 730 186 814 πρὸς
207 730 245 792 τὸ
264 734 293 793 Β
317 732 424 813 λόγος,
448 729 580 794 δέδοται
604 730 668 815 ἄρα
691 725 747 792 καὶ
765 727 783 793 6
802 736 862 792 τοῦ
881 733 910 792 Β
933 728 1017 814 πρὸς
1035 729 1073 792 τὸ
1094 731 1126 792 Γ

69 851 86 898 o
105 836 211 916 λόγος.

172 959 224 1022 39.
251 956 309 1023 Δι’
327 965 401 1024 έσου
421 960 485 1045 ἄρα
503 983 533 1044 p.
551 958 672 1044 14,18]
693 956 739 1023 δι’
757 963 832 1024 ἴσον
852 962 950 1042 λόγος
964 957 1120 1024 ἐστίνεω

105 1062 141 1128 έν
165 1075 298 1148 συνεχεῖ
323 1063 484 1152 ἀναλογίᾳ
506 1068 670 1134 πλειόνων
693 1065 801 1130 όντων
823 1063 879 1129 καὶ
902 1066 1014 1129 ἄλλων
1038 1071 1121 1130 ἴσων

105 1171 142 1234 τὸ
160 1174 300 1254 πλῆθος,
320 1171 400 1236 ὅταν
419 1170 464 1246 ὡς
482 1171 519 1235 τὸ
538 1180 672 1256 πρῶτον
688 1171 772 1257 πρὸς
790 1171 827 1235 τὸ
842 1173 980 1254 ἔσχατον
1000 1169 1036 1235 έν
1050 1182 1122 1247 τοῖς

105 1276 250 1361 πρώτοις
272 1274 458 1360 μεγέθεσιν,
482 1275 588 1353 οὕτως
610 1277 647 1341 τὸ
670 1287 805 1363 πρῶτον
824 1277 908 1364 πρὸς
925 1278 962 1341 τὸ
982 1279 1122 1360 ἔσχατον

54 1396 87 1444 10
106 1380 143 1445 έν
166 1392 236 1456 τοῖς
259 1379 425 1468 δευτέροις
447 1379 632 1465 μεγέθεσιν.

490 1557 542 1623 Ad
564 1581 655 1643 prop.
677 1557 732 1622 IX.

171 1682 223 1744 40.
252 1677 309 1758 Ὡς
335 1680 370 1745 ἐκ
392 1683 586 1767 περιουσίας
612 1684 697 1765 ἔχων
724 1682 762 1746 τὸ
786 1680 867 1746 αὐτὸ
893 1681 1121 1765 δεικνύμενον,

105 1785 148 1868 ἣν
170 1785 188 1851 6
212 1788 310 1868 λόγος
333 1786 350 1852 6
374 1798 442 1851 τῶν
464 1785 697 1874 προτεθέντων
721 1787 805 1873 πρὸς
832 1787 872 1851 τὰ
895 1789 1038 1870 τυχόντα
1066 1811 1122 1871 με-

104 1889 188 1974 γέθη
212 1891 230 1957 6
254 1892 354 1968 αὐτὸς
375 1886 412 1978 ᾖ,
436 1893 487 1958 ότι
510 1891 565 1957 καὶ
587 1894 628 1957 τὰ
650 1895 793 1976 τυχόντα
816 1895 917 1975 λόγον
940 1889 1004 1970 ἕξει
1027 1894 1122 1958 δεδο-

51 2014 84 2062 15
103 1996 219 2081 μένον,
243 2006 391 2085 παρῆκεν
413 1997 467 2063 έπὶ
489 2000 611 2064 τούτου
634 1999 801 2082 γυμνάσαι
824 1999 861 2063 τὸ
885 2000 1073 2084 πρόβλημα.

499 2191 551 2257 Ad
574 2216 665 2277 prop.
688 2193 727 2256 X.

170 2317 222 2380 41.
255 2315 290 2379 Ρ.
311 2316 363 2399 16,
389 2318 429 2382 18
460 2315 627 2382 Ἐνταῦθα
655 2317 888 2403 συνεπεράνθη
918 2322 955 2382 τὸ
985 2327 1121 2403 πρῶτον

104 2419 204 2507 μέρος
226 2431 285 2505 τῆς
306 2421 505 2506 προτάσεως.

172 2546 224 2608 42.
240 2522 421 2610 ’Ἐνταῦθα
444 2547 578 2632 ἄρχεται
601 2549 638 2612 τὸ
663 2547 820 2633 δεύτερον
842 2545 941 2633 μέρος
964 2556 1022 2631 τῆς
1039 2569 1121 2634 προ-

52 2664 86 2712 20
105 2650 237 2727 τάσεως.
274 2653 311 2716 τὸ
335 2652 492 2738 δεύτερον
514 2650 612 2739 μέρος
634 2662 692 2737 τῆς
709 2653 899 2741 προτάσεως
919 2652 1021 2717 πόλιν
1038 2653 1123 2719 ὑπο-

105 2757 290 2844 ὃιαιρεϊται.
340 2759 377 2822 τὸ
406 2754 469 2824 οὖν
495 2769 629 2847 πρῶτον
656 2758 755 2847 μέρος
779 2768 837 2844 τῆς
858 2757 1121 2846 ὑποδιαιρέσεως

105 2863 338 2950 συνεπερόνθη
362 2862 518 2930 ἐνταῦθα.
779 2858 782 2863 ’

177 3054 500 3124 37.Ρ1Ἶεό.Μοιι.ρλο.
565 3061 607 3110 38.
627 3056 787 3111 PlVat.vo.
856 3061 899 3113 39.
918 3055 1122 3125 ΡΠοταρλο.

140 3131 183 3181 40.
203 3126 464 3195 PlVat.vMon.2p.
538 3133 581 3197 41,
600 3133 643 3181 42.
662 3127 715 3182 1¹2.

150 3382 161 3393 .
212 3308 236 3356 2.
254 3303 285 3387 οἱ
299 3304 385 3376 (alon
410 3320 463 3358 om.
484 3304 680 3372 Va6.Mon.po.
762 3304 901 3376 ἀλλήλοις]
920 3325 973 3360 -ων
992 3324 1017 3393 ρ.
1096 3309 1121 3358 8.

105 3391 215 3438 πρωτον
253 3395 272 3428 α
290 3373 328 3428 Ιλ.
419 3374 450 3429 τό
466 3376 563 3447 (tert.)]
590 3393 642 3431 om.
663 3376 743 3431 codd.
831 3381 872 3431 12.
901 3375 947 3499 ἐμὲ
968 3394 1022 3444 γαρ
1043 3374 1121 3430 Mon.

142 3442 211 3512 έχων
249 3444 313 3515 ἔχον
331 3445 486 3516 Vat.Mon.‚
507 3446 580 3517 ἔχειν
600 3468 623 3515 ρ.
709 3453 749 3502 13.
769 3446 818 3519 ἥν]
837 3446 855 3515 ἥ
875 3446 955 3501 cod.
1017 3462 1123 3514 προσ-

7 3541 11 3548 ·
104 3509 245 3568 τεθέντων
265 3515 345 3569 codd.
429 3521 470 3570 14.
490 3511 519 3588 ᾖ]
539 3516 557 3584 ἤ
576 3518 656 3572 oodd.
