2400 3840
541 149 645 202 DATA.
1037 151 1100 215 163

513 327 672 392 LXXXII.

156 447 190 513 Si
223 454 377 534 quattuor
409 454 515 514 rectae
547 451 807 534 proportionales
841 458 931 538 sunt,
967 456 1029 520 erit
1060 460 1098 520 ut

85 555 192 638 prima
215 556 256 619 ad
279 578 364 640 eam,
394 557 434 619 ad
457 578 555 639 quom
579 558 719 621 secunda
741 557 901 622 rationem
923 559 1023 625 habet
1046 562 1098 628 da÷

85 665 169 746 tam,
199 661 248 725 ita
277 661 376 725 tertia
403 663 444 725 ad
471 683 556 748 eam,
589 663 629 726 ad
663 685 760 747 quam
794 669 909 747 quarta
938 667 1099 732 rationem

83 767 183 832 habet
207 768 324 832 datam.

154 873 220 937 sint
253 877 407 956 quattuor
439 879 546 939 rectae
573 876 833 960 proportionales
861 883 906 963 A,
929 883 972 964 B,
996 881 1032 965 Γ,
1054 885 1096 965 A,

82 980 131 1043 ito
156 985 193 1043 ut
217 979 260 1044 sit
284 984 316 1042 A
331 1003 337 1042 :
352 983 380 1042 B
398 1010 437 1033 =
454 985 487 1044 Γ
496 1004 503 1044 :
517 986 558 1044 A.
604 981 690 1066 dico,
718 1003 801 1067 esse,
828 988 865 1047 ut
888 990 920 1048 A
948 986 988 1049 ad
1016 1008 1096 1072 eam,

84 1086 125 1149 ad
144 1090 284 1169 quamB
308 1086 469 1151 rationem
486 1087 607 1151 habeat
626 1088 746 1173 datam,
767 1089 816 1153 ita
835 1093 868 1154 Γ
886 1091 926 1154 ad
950 1113 1031 1178 eam,
1054 1093 1095 1156 ad

84 1213 181 1274 quam
204 1196 237 1256 A
260 1193 422 1257 rationem
444 1193 564 1257 habeat
587 1194 704 1257 datam.

147 1883 224 1926 nam
247 1861 290 1926 sit
313 1867 345 1926 E
366 1885 412 1945 ea,
435 1863 476 1925 ad
499 1883 596 1944 quam
614 1866 643 1925 B
666 1862 828 1928 rationem
850 1864 949 1929 habet
973 1825 1093 1953 dataro,

80 1972 113 2032 ot
144 1968 202 2032 fiat
229 1972 258 2031 B
273 1991 280 2031 :
295 1972 327 2031 E
340 1998 381 2020 ==
396 1973 451 2031 A:
467 1972 502 2031 Z.
557 1989 671 2032 uerum
698 1969 783 2032 ratio
807 1972 904 2033 ΒτΕ
929 1970 1005 2035 data
1033 1976 1090 2036 est.

79 2096 177 2158 quare
202 2074 301 2138 etiam
323 2073 409 2138 ratio
427 2079 461 2137 A
475 2078 526 2138 :Z
549 2075 625 2139 data
644 2079 694 2140 est
713 2074 788 2159 [def.
805 2077 848 2156 2].
885 2080 918 2139 et
935 2077 1088 2161 quoniam

78 2185 128 2244 est
156 2184 436 2259 A:B=F:A,
469 2185 519 2244 est
551 2185 660 2245 autem
687 2181 786 2246 etiam
814 2186 1088 2270 B:E=A:z,

78 2310 117 2351 ex
145 2309 247 2371 aequo
277 2286 330 2371 [V‚
354 2285 411 2370 22]
435 2287 497 2351 erit
523 2293 556 2351 A
571 2292 624 2351 :E
636 2317 677 2339 =
694 2292 726 2351 Γ
736 2311 743 2351 :
759 2293 795 2352 Z.
851 2293 883 2353 et
911 2293 960 2354 est
983 2294 1016 2353 E
1041 2311 1094 2376 ea,

76 2395 116 2457 ad
141 2416 244 2477 quam
260 2398 289 2457 Β
317 2393 477 2457 rationem
504 2393 603 2457 habet
632 2395 755 2479 datam,
784 2399 811 2458 Z
835 2399 944 2459 autom
968 2418 1018 2481 eo,
1047 2396 1087 2459 ad
1116 2444 1118 2448 ι

75 2522 173 2584 quom
188 2505 230 2564 A.
267 2520 345 2586 ergo
365 2504 425 2585 ost,
442 2505 479 2563 ut
497 2505 530 2563 A
549 2500 589 2563 ad
608 2521 688 2586 eam,
707 2500 747 2564 ari
767 2522 863 2584 quam
877 2506 906 2565 Β
925 2503 1086 2567 rationem

74 2605 174 2669 habet
204 2607 327 2692 datam,
358 2606 405 2670 ito
434 2608 466 2670 Γ
493 2605 534 2669 ad
561 2628 646 2690 eam,
678 2607 717 2670 ad
746 2627 843 2689 quam
864 2614 898 2672 A
924 2609 1085 2673 rationem

73 2709 174 2775 habet
197 2712 315 2776 datam.

491 2852 672 2918 LXXXIII.

143 2973 178 3039 Si
202 2979 358 3058 quattuor
380 2980 487 3040 rectae
509 2976 558 3039 ita
579 2974 666 3039 inter
690 2996 723 3039 se
746 2976 881 3060 habent,
910 2981 948 3040 ut
976 2976 1082 3040 tribus

74 3080 276 3163 quibuslibet
300 3080 402 3145 exiis
426 3081 564 3166 sumptis
589 3085 622 3145 et
645 3085 761 3166 quarta
780 3082 820 3145 ad
839 3102 893 3144 eas
912 3082 1084 3166 adsumpto

71 3185 320 3272 proportionali
339 3188 379 3252 ad
398 3209 494 3270 quam
512 3187 637 3270 reliqua
656 3191 819 3251 rectarum
838 3186 878 3250 ab
896 3187 992 3251 initio
1010 3207 1083 3271 pro-

69 3417 233 3483 ληφθεισῶν
253 3413 281 3478 ἐξ
301 3413 405 3484 αὐτῶν]
429 3413 457 3478 ἐξ
477 3414 570 3468 αὐτῶν
593 3417 741 3482 ληφθῶσιν
763 3413 790 3467 b.
882 3412 1031 3468 ὁποιαιοῦν
1054 3411 1081 3467 b.

105 3490 147 3540 23.
168 3485 278 3558 αὐταῖς]
299 3500 367 3538 corr.
387 3500 421 3537 ex
440 3486 526 3554 αὐτῆς
543 3503 579 3538 m.
599 3490 614 3537 2
634 3503 659 3538 v.
732 3483 885 3556 ἀνάλογον]
906 3501 958 3538 om.
978 3483 1005 3538 b.

867 3572 920 3626 Il*
