<?xml version="1.0" encoding="UTF-8"?>
<!DOCTYPE html PUBLIC "-//W3C//DTD XHTML 1.0 Transitional//EN"
    "http://www.w3.org/TR/xhtml1/DTD/xhtml1-transitional.dtd">
<html xmlns="http://www.w3.org/1999/xhtml" xml:lang="en" lang="en">
 <head>
  <title>
</title>
<meta http-equiv="Content-Type" content="text/html;charset=utf-8" />
  <meta name='ocr-system' content='tesseract 3.04.00' />
  <meta name='ocr-capabilities' content='ocr_page ocr_carea ocr_par ocr_line ocrx_word'/>
</head>
<body>
  <div class='ocr_page' id='page_1' title='image "./euclidisoperaom05unkngoog_0104.png"; bbox 0 0 2400 3840; ppageno 0'>
   <div class='ocr_carea' id='block_1_1' title="bbox 480 121 1077 185">
    <p class='ocr_par' dir='ltr' id='par_1_1' title="bbox 480 121 1077 185">
     <span class='ocr_line' id='line_1_1' title="bbox 480 121 1077 185; baseline -0.003 -11"><span class='ocrx_word' id='word_1_1' title='bbox 480 163 483 174; x_wconf 82' lang='grc'><strong>.</strong></span> <span class='ocrx_word' id='word_1_2' title='bbox 514 125 620 176; x_wconf 84' lang='lat' dir='ltr'>DATA.</span> <span class='ocrx_word' id='word_1_3' title='bbox 1037 121 1077 185; x_wconf 82' lang='lat'>31</span> 
     </span>
    </p>
   </div>
   <div class='ocr_carea' id='block_1_2' title="bbox 57 267 1176 987">
    <p class='ocr_par' dir='ltr' id='par_1_2' title="bbox 57 267 1176 987">
     <span class='ocr_line' id='line_1_2' title="bbox 57 267 1081 332; baseline -0.002 0"><span class='ocrx_word' id='word_1_4' title='bbox 57 271 139 332; x_wconf 89' lang='grc' dir='ltr'>ΑΗ</span> <span class='ocrx_word' id='word_1_5' title='bbox 149 291 156 331; x_wconf 94' lang='lat'><strong>:</strong></span> <span class='ocrx_word' id='word_1_6' title='bbox 173 270 234 332; x_wconf 92' lang='grc' dir='ltr'>ΓΖ</span> <span class='ocrx_word' id='word_1_7' title='bbox 267 267 343 331; x_wconf 89' lang='lat' dir='ltr'>data</span> <span class='ocrx_word' id='word_1_8' title='bbox 370 271 428 331; x_wconf 86' lang='lat' dir='ltr'>est.</span> <span class='ocrx_word' id='word_1_9' title='bbox 483 268 559 331; x_wconf 87' lang='lat' dir='ltr'>data</span> <span class='ocrx_word' id='word_1_10' title='bbox 588 270 637 331; x_wconf 87' lang='lat' dir='ltr'>est</span> <span class='ocrx_word' id='word_1_11' title='bbox 666 271 775 331; x_wconf 89' lang='lat' dir='ltr'>autem</span> <span class='ocrx_word' id='word_1_12' title='bbox 803 270 874 331; x_wconf 89' lang='grc' dir='ltr'>ΓΖ.</span> <span class='ocrx_word' id='word_1_13' title='bbox 925 267 1001 331; x_wconf 89' lang='lat' dir='ltr'>data</span> <span class='ocrx_word' id='word_1_14' title='bbox 1029 272 1081 330; x_wconf 88' lang='lat' dir='ltr'>est</span> 
     </span>
     <span class='ocr_line' id='line_1_3' title="bbox 60 372 1085 459; baseline -0.002 -22"><span class='ocrx_word' id='word_1_15' title='bbox 60 375 167 459; x_wconf 89' lang='lat' dir='ltr'>igitur</span> <span class='ocrx_word' id='word_1_16' title='bbox 195 372 294 437; x_wconf 85' lang='lat' dir='ltr'>etiam</span> <span class='ocrx_word' id='word_1_17' title='bbox 321 379 353 437; x_wconf 90' lang='lat' dir='ltr'><em>A</em></span> <span class='ocrx_word' id='word_1_18' title='bbox 359 377 400 437; x_wconf 89' lang='lat' dir='ltr'><em>H</em></span> <span class='ocrx_word' id='word_1_19' title='bbox 424 372 527 456; x_wconf 87' lang='lat' dir='ltr'><strong>[prop.</strong></span> <span class='ocrx_word' id='word_1_20' title='bbox 551 372 609 456; x_wconf 86' lang='lat'>11].</span> <span class='ocrx_word' id='word_1_21' title='bbox 664 376 715 436; x_wconf 86' lang='lat' dir='ltr'>est</span> <span class='ocrx_word' id='word_1_22' title='bbox 743 377 851 436; x_wconf 88' lang='lat' dir='ltr'>autem</span> <span class='ocrx_word' id='word_1_23' title='bbox 884 372 984 436; x_wconf 88' lang='lat' dir='ltr'>etiam</span> <span class='ocrx_word' id='word_1_24' title='bbox 1012 377 1085 436; x_wconf 85' lang='grc' dir='ltr'>ΛΕ</span> 
     </span>
     <span class='ocr_line' id='line_1_4' title="bbox 61 477 1080 563; baseline -0.002 -20"><span class='ocrx_word' id='word_1_25' title='bbox 61 480 149 543; x_wconf 85' lang='lat' dir='ltr'>data.</span> <span class='ocrx_word' id='word_1_26' title='bbox 196 501 294 563; x_wconf 84' lang='lat' dir='ltr'>quare</span> <span class='ocrx_word' id='word_1_27' title='bbox 323 478 421 543; x_wconf 89' lang='lat' dir='ltr'>etiam</span> <span class='ocrx_word' id='word_1_28' title='bbox 449 479 575 562; x_wconf 84' lang='lat' dir='ltr'>reliqua</span> <span class='ocrx_word' id='word_1_29' title='bbox 598 482 674 542; x_wconf 87' lang='grc' dir='ltr'>ΕΗ</span> <span class='ocrx_word' id='word_1_30' title='bbox 697 479 773 542; x_wconf 87' lang='lat' dir='ltr'>data</span> <span class='ocrx_word' id='word_1_31' title='bbox 801 482 850 542; x_wconf 87' lang='lat' dir='ltr'>est</span> <span class='ocrx_word' id='word_1_32' title='bbox 879 478 983 562; x_wconf 86' lang='lat' dir='ltr'>[prop.</span> <span class='ocrx_word' id='word_1_33' title='bbox 1007 477 1080 561; x_wconf 67' lang='lat' dir='ltr'>IV}</span> 
     </span>
     <span class='ocr_line' id='line_1_5' title="bbox 58 583 1082 669; baseline -0.003 -20"><span class='ocrx_word' id='word_1_34' title='bbox 58 590 94 649; x_wconf 89' lang='lat' dir='ltr'>et</span> <span class='ocrx_word' id='word_1_35' title='bbox 117 584 274 669; x_wconf 88' lang='lat' dir='ltr'>quoniam</span> <span class='ocrx_word' id='word_1_36' title='bbox 296 591 329 648; x_wconf 88' lang='lat' dir='ltr'><em>A</em></span> <span class='ocrx_word' id='word_1_37' title='bbox 334 589 362 648; x_wconf 89' lang='lat' dir='ltr'><em>B</em></span> <span class='ocrx_word' id='word_1_38' title='bbox 378 609 385 648; x_wconf 93' lang='lat'>:</span> <span class='ocrx_word' id='word_1_39' title='bbox 401 588 461 649; x_wconf 85' lang='grc' dir='ltr'>ΓΔ</span> <span class='ocrx_word' id='word_1_40' title='bbox 476 615 517 636; x_wconf 92' lang='lat'>-=</span> <span class='ocrx_word' id='word_1_41' title='bbox 533 590 566 648; x_wconf 91' lang='grc' dir='ltr'><em>Α</em></span> <span class='ocrx_word' id='word_1_42' title='bbox 571 588 610 648; x_wconf 90' lang='grc' dir='ltr'><strong><em>Η</em></strong></span> <span class='ocrx_word' id='word_1_43' title='bbox 620 608 627 647; x_wconf 92' lang='lat'>:</span> <span class='ocrx_word' id='word_1_44' title='bbox 643 587 713 669; x_wconf 98' lang='grc' dir='ltr'>ΓΖ,</span> <span class='ocrx_word' id='word_1_45' title='bbox 736 584 820 648; x_wconf 87' lang='lat' dir='ltr'>ratio</span> <span class='ocrx_word' id='word_1_46' title='bbox 844 583 986 667; x_wconf 86' lang='lat' dir='ltr'>reliquae</span> <span class='ocrx_word' id='word_1_47' title='bbox 1009 587 1082 646; x_wconf 91' lang='grc' dir='ltr'>ΗΒ-</span> 
     </span>
     <span class='ocr_line' id='line_1_6' title="bbox 59 687 1080 775; baseline -0.005 -19"><span class='ocrx_word' id='word_1_48' title='bbox 59 692 102 756; x_wconf 87' lang='lat' dir='ltr'>ad</span> <span class='ocrx_word' id='word_1_49' title='bbox 130 691 290 774; x_wconf 84' lang='lat' dir='ltr'>reliquam</span> <span class='ocrx_word' id='word_1_50' title='bbox 320 694 386 754; x_wconf 86' lang='grc' dir='ltr'>ΖΛ</span> <span class='ocrx_word' id='word_1_51' title='bbox 410 689 487 753; x_wconf 88' lang='lat' dir='ltr'>data</span> <span class='ocrx_word' id='word_1_52' title='bbox 514 689 576 754; x_wconf 85' lang='lat' dir='ltr'>erit</span> <span class='ocrx_word' id='word_1_53' title='bbox 605 687 659 773; x_wconf 83' lang='lat' dir='ltr'>[V,</span> <span class='ocrx_word' id='word_1_54' title='bbox 685 690 740 775; x_wconf 76' lang='lat'>193</span> <span class='ocrx_word' id='word_1_55' title='bbox 763 689 825 753; x_wconf 87' lang='lat' dir='ltr'>def.</span> <span class='ocrx_word' id='word_1_56' title='bbox 846 688 891 772; x_wconf 80' lang='lat'>2].</span> <span class='ocrx_word' id='word_1_57' title='bbox 942 693 975 752; x_wconf 90' lang='lat' dir='ltr'>et</span> <span class='ocrx_word' id='word_1_58' title='bbox 1003 688 1080 752; x_wconf 83' lang='lat' dir='ltr'>data</span> 
     </span>
     <span class='ocr_line' id='line_1_7' title="bbox 58 795 1084 882; baseline -0.006 -20"><span class='ocrx_word' id='word_1_59' title='bbox 58 802 111 862; x_wconf 86' lang='lat' dir='ltr'>est</span> <span class='ocrx_word' id='word_1_60' title='bbox 135 796 327 882; x_wconf 79' lang='lat' dir='ltr'>magnitudo</span> <span class='ocrx_word' id='word_1_61' title='bbox 346 799 423 860; x_wconf 85' lang='lat' dir='ltr'>EH.</span> <span class='ocrx_word' id='word_1_62' title='bbox 470 817 548 881; x_wconf 88' lang='lat' dir='ltr'>ergo</span> <span class='ocrx_word' id='word_1_63' title='bbox 572 795 763 880; x_wconf 72' lang='lat' dir='ltr'>magnitudo</span> <span class='ocrx_word' id='word_1_64' title='bbox 786 799 864 879; x_wconf 89' lang='grc' dir='ltr'>ΕΒ,</span> <span class='ocrx_word' id='word_1_65' title='bbox 892 798 1084 878; x_wconf 82' lang='lat' dir='ltr'>comparata</span> 
     </span>
     <span class='ocr_line' id='line_1_8' title="bbox 58 899 1176 987; baseline -0.005 -19"><span class='ocrx_word' id='word_1_66' title='bbox 58 926 136 968; x_wconf 85' lang='lat' dir='ltr'>oum</span> <span class='ocrx_word' id='word_1_67' title='bbox 161 908 240 987; x_wconf 82' lang='lat' dir='ltr'>ZA,</span> <span class='ocrx_word' id='word_1_68' title='bbox 263 903 339 967; x_wconf 87' lang='lat' dir='ltr'>data</span> <span class='ocrx_word' id='word_1_69' title='bbox 361 901 465 964; x_wconf 84' lang='lat' dir='ltr'>maior</span> <span class='ocrx_word' id='word_1_70' title='bbox 488 904 538 964; x_wconf 84' lang='lat' dir='ltr'>est</span> <span class='ocrx_word' id='word_1_71' title='bbox 563 923 659 984; x_wconf 90' lang='lat' dir='ltr'>quam</span> <span class='ocrx_word' id='word_1_72' title='bbox 682 901 718 964; x_wconf 91' lang='lat' dir='ltr'>in</span> <span class='ocrx_word' id='word_1_73' title='bbox 740 901 867 965; x_wconf 85' lang='lat' dir='ltr'>ratione</span> <span class='ocrx_word' id='word_1_74' title='bbox 892 899 1053 983; x_wconf 80' lang='lat' dir='ltr'>[def:11].</span> <span class='ocrx_word' id='word_1_75' title='bbox 1171 931 1176 939; x_wconf 89' lang='grc'><em>·</em></span> 
     </span>
    </p>
   </div>
   <div class='ocr_carea' id='block_1_3' title="bbox 525 1165 613 1230">
    <p class='ocr_par' dir='ltr' id='par_1_3' title="bbox 525 1165 613 1230">
     <span class='ocr_line' id='line_1_9' title="bbox 525 1165 613 1230; baseline 0.011 -1"><span class='ocrx_word' id='word_1_76' title='bbox 525 1165 613 1230; x_wconf 87' lang='lat' dir='ltr'>XVI.</span> 
     </span>
    </p>
   </div>
   <div class='ocr_carea' id='block_1_4' title="bbox 58 1307 1129 3089">
    <p class='ocr_par' dir='ltr' id='par_1_4' title="bbox 59 1307 1087 1713">
     <span class='ocr_line' id='line_1_10' title="bbox 130 1307 1087 1393; baseline -0.003 -19"><span class='ocrx_word' id='word_1_77' title='bbox 130 1307 166 1374; x_wconf 84' lang='lat' dir='ltr'>Si</span> <span class='ocrx_word' id='word_1_78' title='bbox 199 1310 281 1374; x_wconf 83' lang='lat' dir='ltr'>duae</span> <span class='ocrx_word' id='word_1_79' title='bbox 309 1307 550 1393; x_wconf 82' lang='lat' dir='ltr'>magnitudines</span> <span class='ocrx_word' id='word_1_80' title='bbox 577 1307 663 1372; x_wconf 84' lang='lat' dir='ltr'>inter</span> <span class='ocrx_word' id='word_1_81' title='bbox 697 1330 731 1372; x_wconf 86' lang='lat' dir='ltr'>se</span> <span class='ocrx_word' id='word_1_82' title='bbox 764 1309 925 1373; x_wconf 85' lang='lat' dir='ltr'>rationem</span> <span class='ocrx_word' id='word_1_83' title='bbox 957 1307 1087 1372; x_wconf 86' lang='lat' dir='ltr'>habent</span> 
     </span>
     <span class='ocr_line' id='line_1_11' title="bbox 60 1397 1085 1502; baseline 0.002 -23"><span class='ocrx_word' id='word_1_84' title='bbox 60 1417 174 1481; x_wconf 82' lang='lat' dir='ltr'>datam</span> <span class='ocrx_word' id='word_1_85' title='bbox 201 1420 234 1480; x_wconf 89' lang='lat' dir='ltr'>et</span> <span class='ocrx_word' id='word_1_86' title='bbox 262 1415 303 1479; x_wconf 91' lang='lat' dir='ltr'>ab</span> <span class='ocrx_word' id='word_1_87' title='bbox 331 1414 434 1479; x_wconf 84' lang='lat' dir='ltr'>altera</span> <span class='ocrx_word' id='word_1_88' title='bbox 461 1437 573 1478; x_wconf 87' lang='lat' dir='ltr'>earum</span> <span class='ocrx_word' id='word_1_89' title='bbox 602 1414 677 1478; x_wconf 88' lang='lat' dir='ltr'>data</span> <span class='ocrx_word' id='word_1_90' title='bbox 705 1415 896 1500; x_wconf 87' lang='lat' dir='ltr'>magnitudo</span> <span class='ocrx_word' id='word_1_91' title='bbox 925 1397 1085 1502; x_wconf 50' lang='lat' dir='ltr'>auferturf</span> 
     </span>
     <span class='ocr_line' id='line_1_12' title="bbox 59 1520 1086 1607; baseline -0.007 -20"><span class='ocrx_word' id='word_1_92' title='bbox 59 1522 157 1587; x_wconf 83' lang='lat' dir='ltr'>alteri</span> <span class='ocrx_word' id='word_1_93' title='bbox 190 1526 300 1586; x_wconf 90' lang='lat' dir='ltr'>autem</span> <span class='ocrx_word' id='word_1_94' title='bbox 332 1543 444 1584; x_wconf 87' lang='lat' dir='ltr'>earum</span> <span class='ocrx_word' id='word_1_95' title='bbox 476 1521 552 1585; x_wconf 88' lang='lat' dir='ltr'>data</span> <span class='ocrx_word' id='word_1_96' title='bbox 580 1520 772 1605; x_wconf 91' lang='lat' dir='ltr'>magnitudo</span> <span class='ocrx_word' id='word_1_97' title='bbox 803 1520 967 1605; x_wconf 84' lang='lat' dir='ltr'>adiicitur,</span> <span class='ocrx_word' id='word_1_98' title='bbox 998 1527 1086 1607; x_wconf 45' lang='lat' dir='ltr'>totas</span> 
     </span>
     <span class='ocr_line' id='line_1_13' title="bbox 63 1625 1082 1713; baseline -0.002 -20"><span class='ocrx_word' id='word_1_99' title='bbox 63 1631 255 1713; x_wconf 80' lang='lat' dir='ltr'>comparata</span> <span class='ocrx_word' id='word_1_100' title='bbox 270 1649 345 1691; x_wconf 83' lang='lat' dir='ltr'>oum</span> <span class='ocrx_word' id='word_1_101' title='bbox 359 1626 493 1711; x_wconf 84' lang='lat' dir='ltr'>reliqua,</span> <span class='ocrx_word' id='word_1_102' title='bbox 507 1625 583 1690; x_wconf 89' lang='lat' dir='ltr'>data</span> <span class='ocrx_word' id='word_1_103' title='bbox 597 1626 701 1689; x_wconf 86' lang='lat' dir='ltr'>maior</span> <span class='ocrx_word' id='word_1_104' title='bbox 710 1625 773 1689; x_wconf 82' lang='lat' dir='ltr'>erit</span> <span class='ocrx_word' id='word_1_105' title='bbox 787 1647 884 1709; x_wconf 89' lang='lat' dir='ltr'>quam</span> <span class='ocrx_word' id='word_1_106' title='bbox 898 1625 1082 1691; x_wconf 83' lang='lat' dir='ltr'>iuratione.</span> 
     </span>
    </p>

    <p class='ocr_par' dir='ltr' id='par_1_5' title="bbox 60 1731 1085 2243">
     <span class='ocr_line' id='line_1_14' title="bbox 129 1731 1082 1817; baseline -0.001 -20"><span class='ocrx_word' id='word_1_107' title='bbox 129 1734 211 1799; x_wconf 86' lang='lat' dir='ltr'>duae</span> <span class='ocrx_word' id='word_1_108' title='bbox 230 1732 316 1797; x_wconf 91' lang='lat' dir='ltr'>enim</span> <span class='ocrx_word' id='word_1_109' title='bbox 335 1732 575 1817; x_wconf 84' lang='lat' dir='ltr'>magnitudines</span> <span class='ocrx_word' id='word_1_110' title='bbox 593 1739 625 1796; x_wconf 81' lang='lat' dir='ltr'><em>A</em></span> <span class='ocrx_word' id='word_1_111' title='bbox 630 1736 669 1815; x_wconf 89' lang='grc' dir='ltr'>Β,</span> <span class='ocrx_word' id='word_1_112' title='bbox 685 1734 746 1795; x_wconf 82' lang='grc' dir='ltr'>ΓΔ</span> <span class='ocrx_word' id='word_1_113' title='bbox 764 1731 925 1795; x_wconf 87' lang='lat' dir='ltr'>rationem</span> <span class='ocrx_word' id='word_1_114' title='bbox 938 1731 1082 1796; x_wconf 88' lang='lat' dir='ltr'>habeant</span> 
     </span>
     <span class='ocr_line' id='line_1_15' title="bbox 63 1837 1081 1924; baseline -0.004 -19"><span class='ocrx_word' id='word_1_115' title='bbox 63 1841 174 1905; x_wconf 86' lang='lat' dir='ltr'>datam</span> <span class='ocrx_word' id='word_1_116' title='bbox 197 1844 230 1903; x_wconf 89' lang='lat' dir='ltr'>et</span> <span class='ocrx_word' id='word_1_117' title='bbox 248 1861 267 1903; x_wconf 82' lang='lat' dir='ltr'>a</span> <span class='ocrx_word' id='word_1_118' title='bbox 285 1838 509 1924; x_wconf 89' lang='lat' dir='ltr'>magnitudine</span> <span class='ocrx_word' id='word_1_119' title='bbox 526 1840 588 1901; x_wconf 87' lang='grc' dir='ltr'>ΓΔ</span> <span class='ocrx_word' id='word_1_120' title='bbox 611 1837 776 1901; x_wconf 85' lang='lat' dir='ltr'>auferatur</span> <span class='ocrx_word' id='word_1_121' title='bbox 795 1837 871 1900; x_wconf 89' lang='lat' dir='ltr'>data</span> <span class='ocrx_word' id='word_1_122' title='bbox 889 1837 1081 1923; x_wconf 89' lang='lat' dir='ltr'>magnitudo</span> 
     </span>
     <span class='ocr_line' id='line_1_16' title="bbox 62 1942 1085 2032; baseline -0.005 -21"><span class='ocrx_word' id='word_1_123' title='bbox 62 1948 141 2032; x_wconf 94' lang='grc' dir='ltr'>ΓΕ,</span> <span class='ocrx_word' id='word_1_124' title='bbox 172 1943 389 2030; x_wconf 88' lang='lat' dir='ltr'>magnitudini</span> <span class='ocrx_word' id='word_1_125' title='bbox 417 1948 482 2009; x_wconf 89' lang='grc' dir='ltr'>ΑΒ</span> <span class='ocrx_word' id='word_1_126' title='bbox 512 1948 621 2007; x_wconf 88' lang='lat' dir='ltr'>autem</span> <span class='ocrx_word' id='word_1_127' title='bbox 651 1942 821 2007; x_wconf 78' lang='lat' dir='ltr'>adiicietur</span> <span class='ocrx_word' id='word_1_128' title='bbox 849 1943 925 2007; x_wconf 90' lang='lat' dir='ltr'>data</span> <span class='ocrx_word' id='word_1_129' title='bbox 956 1942 1085 2028; x_wconf 78' lang='lat' dir='ltr'>magni-</span> 
     </span>
     <span class='ocr_line' id='line_1_17' title="bbox 61 2048 1081 2137; baseline -0.004 -21"><span class='ocrx_word' id='word_1_130' title='bbox 61 2052 143 2117; x_wconf 89' lang='lat' dir='ltr'>tudo</span> <span class='ocrx_word' id='word_1_131' title='bbox 168 2057 238 2116; x_wconf 90' lang='lat' dir='ltr'>ZA.</span> <span class='ocrx_word' id='word_1_132' title='bbox 284 2051 365 2137; x_wconf 79' lang='lat' dir='ltr'>dico,</span> <span class='ocrx_word' id='word_1_133' title='bbox 388 2056 494 2115; x_wconf 88' lang='lat' dir='ltr'>totam</span> <span class='ocrx_word' id='word_1_134' title='bbox 519 2053 590 2134; x_wconf 90' lang='grc' dir='ltr'>ΖΒ,</span> <span class='ocrx_word' id='word_1_135' title='bbox 614 2053 835 2134; x_wconf 86' lang='lat' dir='ltr'>comparatam</span> <span class='ocrx_word' id='word_1_136' title='bbox 857 2071 931 2112; x_wconf 84' lang='lat' dir='ltr'>cum</span> <span class='ocrx_word' id='word_1_137' title='bbox 954 2048 1081 2134; x_wconf 88' lang='lat' dir='ltr'>reliqua</span> 
     </span>
     <span class='ocr_line' id='line_1_18' title="bbox 60 2154 850 2243; baseline -0.005 -21"><span class='ocrx_word' id='word_1_138' title='bbox 60 2162 145 2243; x_wconf 88' lang='grc' dir='ltr'>ΕΔ,</span> <span class='ocrx_word' id='word_1_139' title='bbox 167 2157 242 2221; x_wconf 83' lang='lat' dir='ltr'>data</span> <span class='ocrx_word' id='word_1_140' title='bbox 265 2157 421 2221; x_wconf 82' lang='lat' dir='ltr'>maiorem</span> <span class='ocrx_word' id='word_1_141' title='bbox 445 2178 515 2241; x_wconf 77' lang='lat' dir='ltr'>esse</span> <span class='ocrx_word' id='word_1_142' title='bbox 539 2178 636 2239; x_wconf 89' lang='lat' dir='ltr'>quam</span> <span class='ocrx_word' id='word_1_143' title='bbox 658 2156 694 2218; x_wconf 91' lang='lat' dir='ltr'>in</span> <span class='ocrx_word' id='word_1_144' title='bbox 716 2154 850 2219; x_wconf 89' lang='lat' dir='ltr'>ratione.</span> 
     </span>
    </p>

    <p class='ocr_par' dir='ltr' id='par_1_6' title="bbox 59 2260 1088 2451">
     <span class='ocr_line' id='line_1_19' title="bbox 128 2260 1081 2346; baseline -0.002 -19"><span class='ocrx_word' id='word_1_145' title='bbox 128 2286 206 2327; x_wconf 88' lang='lat' dir='ltr'>nam</span> <span class='ocrx_word' id='word_1_146' title='bbox 225 2262 379 2346; x_wconf 88' lang='lat' dir='ltr'>quoniam</span> <span class='ocrx_word' id='word_1_147' title='bbox 397 2260 482 2325; x_wconf 88' lang='lat' dir='ltr'>ratio</span> <span class='ocrx_word' id='word_1_148' title='bbox 497 2268 529 2325; x_wconf 81' lang='lat' dir='ltr'><em>A</em></span> <span class='ocrx_word' id='word_1_149' title='bbox 534 2265 562 2325; x_wconf 90' lang='grc' dir='ltr'><strong><em>Β</em></strong></span> <span class='ocrx_word' id='word_1_150' title='bbox 577 2285 585 2325; x_wconf 76' lang='grc' dir='ltr'><strong><em>ε</em></strong></span> <span class='ocrx_word' id='word_1_151' title='bbox 601 2264 663 2325; x_wconf 82' lang='grc' dir='ltr'>ΓΔ</span> <span class='ocrx_word' id='word_1_152' title='bbox 682 2262 757 2325; x_wconf 85' lang='lat' dir='ltr'>data</span> <span class='ocrx_word' id='word_1_153' title='bbox 776 2265 834 2345; x_wconf 86' lang='lat' dir='ltr'>est,</span> <span class='ocrx_word' id='word_1_154' title='bbox 854 2260 965 2325; x_wconf 87' lang='lat' dir='ltr'>eadem</span> <span class='ocrx_word' id='word_1_155' title='bbox 981 2265 1081 2345; x_wconf 85' lang='lat' dir='ltr'>atque</span> 
     </span>
     <span class='ocr_line' id='line_1_20' title="bbox 59 2365 1088 2451; baseline -0.004 -17"><span class='ocrx_word' id='word_1_156' title='bbox 59 2369 120 2434; x_wconf 88' lang='lat' dir='ltr'>illa</span> <span class='ocrx_word' id='word_1_157' title='bbox 155 2370 215 2433; x_wconf 86' lang='lat' dir='ltr'>fiat</span> <span class='ocrx_word' id='word_1_158' title='bbox 250 2369 335 2433; x_wconf 86' lang='lat' dir='ltr'>ratio</span> <span class='ocrx_word' id='word_1_159' title='bbox 375 2372 473 2435; x_wconf 86' lang='lat' dir='ltr'><em>AH.:</em></span> <span class='ocrx_word' id='word_1_160' title='bbox 494 2370 564 2432; x_wconf 88' lang='grc' dir='ltr'>ΓΕ.</span> <span class='ocrx_word' id='word_1_161' title='bbox 628 2369 738 2451; x_wconf 84' lang='lat' dir='ltr'>itaque</span> <span class='ocrx_word' id='word_1_162' title='bbox 775 2365 860 2431; x_wconf 88' lang='lat' dir='ltr'>ratio</span> <span class='ocrx_word' id='word_1_163' title='bbox 898 2371 975 2431; x_wconf 91' lang='grc' dir='ltr'>ΑΗ</span> <span class='ocrx_word' id='word_1_164' title='bbox 989 2389 995 2430; x_wconf 93' lang='lat'><strong>:</strong></span> <span class='ocrx_word' id='word_1_165' title='bbox 1016 2370 1088 2430; x_wconf 88' lang='grc' dir='ltr'>ΓΕ</span> 
     </span>
    </p>

    <p class='ocr_par' dir='ltr' id='par_1_7' title="bbox 58 2473 1129 3089">
     <span class='ocr_line' id='line_1_21' title="bbox 678 2473 1079 2539; baseline -0.002 -2"><span class='ocrx_word' id='word_1_166' title='bbox 678 2473 754 2537; x_wconf 88' lang='lat' dir='ltr'>data</span> <span class='ocrx_word' id='word_1_167' title='bbox 771 2478 830 2538; x_wconf 86' lang='lat' dir='ltr'>est.</span> <span class='ocrx_word' id='word_1_168' title='bbox 863 2474 919 2537; x_wconf 87' lang='lat' dir='ltr'>sed</span> <span class='ocrx_word' id='word_1_169' title='bbox 938 2474 1014 2539; x_wconf 88' lang='lat' dir='ltr'>data</span> <span class='ocrx_word' id='word_1_170' title='bbox 1029 2478 1079 2537; x_wconf 88' lang='lat' dir='ltr'>est</span> 
     </span>
     <span class='ocr_line' id='line_1_22' title="bbox 62 2545 1084 2664; baseline -0.009 -13"><span class='ocrx_word' id='word_1_171' title='bbox 62 2547 118 2651; x_wconf 69' lang='lat' dir='ltr'>iz-</span> <span class='ocrx_word' id='word_1_172' title='bbox 349 2545 622 2649; x_wconf 68' lang='lat' dir='ltr'>i-——H—-i</span> <span class='ocrx_word' id='word_1_173' title='bbox 678 2583 748 2643; x_wconf 88' lang='grc' dir='ltr'>ΓΕ.</span> <span class='ocrx_word' id='word_1_174' title='bbox 800 2578 875 2644; x_wconf 89' lang='lat' dir='ltr'>data</span> <span class='ocrx_word' id='word_1_175' title='bbox 904 2583 954 2643; x_wconf 87' lang='lat' dir='ltr'>est</span> <span class='ocrx_word' id='word_1_176' title='bbox 977 2578 1084 2664; x_wconf 83' lang='lat' dir='ltr'>igitur</span> 
     </span>
     <span class='ocr_line' id='line_1_23' title="bbox 61 2684 1084 2769; baseline -0.009 -13"><span class='ocrx_word' id='word_1_177' title='bbox 61 2707 90 2756; x_wconf 89' lang='grc' dir='ltr'><em>Γ</em></span> <span class='ocrx_word' id='word_1_178' title='bbox 392 2703 417 2752; x_wconf 89' lang='grc' dir='ltr'><strong>Ε</strong></span> <span class='ocrx_word' id='word_1_179' title='bbox 500 2705 525 2753; x_wconf 84' lang='grc' dir='ltr'><em>Δ</em></span> <span class='ocrx_word' id='word_1_180' title='bbox 677 2686 776 2749; x_wconf 86' lang='lat' dir='ltr'>etiam</span> <span class='ocrx_word' id='word_1_181' title='bbox 799 2689 876 2749; x_wconf 90' lang='lat' dir='ltr'>AH</span> <span class='ocrx_word' id='word_1_182' title='bbox 895 2684 1084 2769; x_wconf 74' lang='lat' dir='ltr'>[prop.-]I].</span> 
     </span>
     <span class='ocr_line' id='line_1_24' title="bbox 67 2770 1082 2855; baseline -0.006 3"><span class='ocrx_word' id='word_1_183' title='bbox 67 2770 512 2810; x_wconf 37' lang='grc' dir='ltr'>Ρμ-*Ι-Ἰ</span> <span class='ocrx_word' id='word_1_184' title='bbox 678 2796 726 2855; x_wconf 86' lang='lat' dir='ltr'>est</span> <span class='ocrx_word' id='word_1_185' title='bbox 755 2795 864 2855; x_wconf 88' lang='lat' dir='ltr'>autem</span> <span class='ocrx_word' id='word_1_186' title='bbox 890 2789 989 2854; x_wconf 87' lang='lat' dir='ltr'>etiam</span> <span class='ocrx_word' id='word_1_187' title='bbox 1012 2795 1045 2853; x_wconf 83' lang='lat' dir='ltr'><em>A</em></span> <span class='ocrx_word' id='word_1_188' title='bbox 1051 2795 1082 2852; x_wconf 91' lang='lat' dir='ltr'>Z</span> 
     </span>
     <span class='ocr_line' id='line_1_25' title="bbox 60 2886 1129 2981; baseline -0.005 -19"><span class='ocrx_word' id='word_1_189' title='bbox 60 2901 148 2963; x_wconf 83' lang='lat' dir='ltr'>data.</span> <span class='ocrx_word' id='word_1_190' title='bbox 180 2896 291 2980; x_wconf 86' lang='lat' dir='ltr'>itaque</span> <span class='ocrx_word' id='word_1_191' title='bbox 309 2900 381 2961; x_wconf 88' lang='lat' dir='ltr'>tota</span> <span class='ocrx_word' id='word_1_192' title='bbox 396 2886 468 2961; x_wconf 87' lang='grc' dir='ltr'>ΖΗ</span> <span class='ocrx_word' id='word_1_193' title='bbox 483 2898 558 2962; x_wconf 88' lang='lat' dir='ltr'>data</span> <span class='ocrx_word' id='word_1_194' title='bbox 577 2901 627 2962; x_wconf 86' lang='lat' dir='ltr'>est</span> <span class='ocrx_word' id='word_1_195' title='bbox 646 2897 750 2981; x_wconf 86' lang='lat' dir='ltr'>[prop.</span> <span class='ocrx_word' id='word_1_196' title='bbox 764 2895 840 2979; x_wconf 73' lang='lat' dir='ltr'>Im.</span> <span class='ocrx_word' id='word_1_197' title='bbox 877 2900 910 2960; x_wconf 89' lang='lat' dir='ltr'>et</span> <span class='ocrx_word' id='word_1_198' title='bbox 925 2893 1080 2979; x_wconf 87' lang='lat' dir='ltr'>quoniam</span> <span class='ocrx_word' id='word_1_199' title='bbox 1126 2886 1129 2892; x_wconf 43' lang='lat'><strong>⁴</strong></span> 
     </span>
     <span class='ocr_line' id='line_1_26' title="bbox 58 3000 1079 3089; baseline -0.006 -21"><span class='ocrx_word' id='word_1_200' title='bbox 58 3007 130 3068; x_wconf 88' lang='lat' dir='ltr'>AB</span> <span class='ocrx_word' id='word_1_201' title='bbox 146 3027 153 3066; x_wconf 93' lang='lat'>:</span> <span class='ocrx_word' id='word_1_202' title='bbox 168 3004 229 3066; x_wconf 85' lang='grc' dir='ltr'>ΓΔ</span> <span class='ocrx_word' id='word_1_203' title='bbox 244 3031 286 3054; x_wconf 87' lang='lat'><em>=</em></span> <span class='ocrx_word' id='word_1_204' title='bbox 301 3007 378 3066; x_wconf 90' lang='grc' dir='ltr'>ΑΗ</span> <span class='ocrx_word' id='word_1_205' title='bbox 388 3026 395 3066; x_wconf 91' lang='lat'>:</span> <span class='ocrx_word' id='word_1_206' title='bbox 411 3006 487 3089; x_wconf 94' lang='grc' dir='ltr'>ΓΕ,</span> <span class='ocrx_word' id='word_1_207' title='bbox 521 3003 620 3067; x_wconf 90' lang='lat' dir='ltr'>etiam</span> <span class='ocrx_word' id='word_1_208' title='bbox 652 3002 736 3066; x_wconf 85' lang='lat' dir='ltr'>ratio</span> <span class='ocrx_word' id='word_1_209' title='bbox 768 3001 910 3085; x_wconf 85' lang='lat' dir='ltr'>reliquae</span> <span class='ocrx_word' id='word_1_210' title='bbox 938 3004 1007 3064; x_wconf 90' lang='grc' dir='ltr'>ΗΒ</span> <span class='ocrx_word' id='word_1_211' title='bbox 1039 3000 1079 3063; x_wconf 89' lang='lat' dir='ltr'>ad</span> 
     </span>
    </p>
   </div>
   <div class='ocr_carea' id='block_1_5' title="bbox 58 3107 1083 3194">
    <p class='ocr_par' dir='ltr' id='par_1_8' title="bbox 58 3107 1083 3194">
     <span class='ocr_line' id='line_1_27' title="bbox 58 3107 1083 3194; baseline -0.005 -20"><span class='ocrx_word' id='word_1_212' title='bbox 58 3108 221 3193; x_wconf 88' lang='lat' dir='ltr'>reliquam</span> <span class='ocrx_word' id='word_1_213' title='bbox 235 3113 303 3173; x_wconf 90' lang='grc' dir='ltr'>ΕΛ</span> <span class='ocrx_word' id='word_1_214' title='bbox 321 3109 397 3173; x_wconf 90' lang='lat' dir='ltr'>data</span> <span class='ocrx_word' id='word_1_215' title='bbox 416 3113 466 3173; x_wconf 80' lang='lat' dir='ltr'>est</span> <span class='ocrx_word' id='word_1_216' title='bbox 487 3108 540 3193; x_wconf 82' lang='lat' dir='ltr'>[V,</span> <span class='ocrx_word' id='word_1_217' title='bbox 557 3111 612 3194; x_wconf 76' lang='lat'>193</span> <span class='ocrx_word' id='word_1_218' title='bbox 630 3107 752 3192; x_wconf 62' lang='lat' dir='ltr'>deta}</span> <span class='ocrx_word' id='word_1_219' title='bbox 789 3129 805 3171; x_wconf 88' lang='lat' dir='ltr'>e</span> <span class='ocrx_word' id='word_1_220' title='bbox 841 3108 918 3171; x_wconf 87' lang='lat' dir='ltr'>data</span> <span class='ocrx_word' id='word_1_221' title='bbox 936 3111 986 3170; x_wconf 87' lang='lat' dir='ltr'>est</span> <span class='ocrx_word' id='word_1_222' title='bbox 1002 3109 1083 3169; x_wconf 84' lang='grc' dir='ltr'>ΖΗ.</span> 
     </span>
    </p>
   </div>
   <div class='ocr_carea' id='block_1_6' title="bbox 913 3275 1077 3284">
    <p class='ocr_par' dir='ltr' id='par_1_9' title="bbox 913 3275 1077 3284">
     <span class='ocr_line' id='line_1_28' title="bbox 913 3275 1077 3284; baseline 0.006 -1"><span class='ocrx_word' id='word_1_223' title='bbox 913 3275 1077 3284; x_wconf 78' lang='lat'><strong>———-</strong></span> 
     </span>
    </p>
   </div>
   <div class='ocr_carea' id='block_1_7' title="bbox 62 3383 1082 3530">
    <p class='ocr_par' dir='ltr' id='par_1_10' title="bbox 62 3383 1082 3530">
     <span class='ocr_line' id='line_1_29' title="bbox 101 3383 1082 3460; baseline -0.005 -18"><span class='ocrx_word' id='word_1_224' title='bbox 101 3389 142 3444; x_wconf 82' lang='lat'>19.</span> <span class='ocrx_word' id='word_1_225' title='bbox 164 3390 251 3460; x_wconf 76' lang='grc' dir='ltr'><strong>αὐτῷ]</strong></span> <span class='ocrx_word' id='word_1_226' title='bbox 272 3390 360 3444; x_wconf 74' lang='grc' dir='ltr'><em>αὐτοῦ</em></span> <span class='ocrx_word' id='word_1_227' title='bbox 379 3407 404 3444; x_wconf 85' lang='lat' dir='ltr'>a.</span> <span class='ocrx_word' id='word_1_228' title='bbox 440 3453 442 3456; x_wconf 22' lang='lat'><strong>⁴</strong></span> <span class='ocrx_word' id='word_1_229' title='bbox 474 3394 517 3443; x_wconf 77' lang='lat'>20.</span> <span class='ocrx_word' id='word_1_230' title='bbox 537 3387 604 3459; x_wconf 81' lang='grc' dir='ltr'>ἄρα]</span> <span class='ocrx_word' id='word_1_231' title='bbox 625 3404 678 3442; x_wconf 83' lang='lat' dir='ltr'>om.</span> <span class='ocrx_word' id='word_1_232' title='bbox 698 3403 722 3440; x_wconf 87' lang='lat' dir='ltr'>a.</span> <span class='ocrx_word' id='word_1_233' title='bbox 792 3392 834 3438; x_wconf 79' lang='lat'>21.</span> <span class='ocrx_word' id='word_1_234' title='bbox 856 3383 929 3439; x_wconf 76' lang='grc' dir='ltr'><strong><em>ἔστιν</em></strong></span> <span class='ocrx_word' id='word_1_235' title='bbox 947 3403 972 3438; x_wconf 90' lang='lat' dir='ltr'>v.</span> <span class='ocrx_word' id='word_1_236' title='bbox 1036 3391 1082 3438; x_wconf 70' lang='grc'>22.</span> 
     </span>
     <span class='ocr_line' id='line_1_30' title="bbox 62 3457 853 3530; baseline -0.005 -15"><span class='ocrx_word' id='word_1_237' title='bbox 62 3465 123 3516; x_wconf 89' lang='grc' dir='ltr'>ΗΖ</span> <span class='ocrx_word' id='word_1_238' title='bbox 141 3477 168 3515; x_wconf 79' lang='lat' dir='ltr'>v,</span> <span class='ocrx_word' id='word_1_239' title='bbox 242 3457 570 3530; x_wconf 14' lang='lat' dir='ltr'>&amp;net-aeaeaiom.</span> <span class='ocrx_word' id='word_1_240' title='bbox 591 3476 616 3512; x_wconf 92' lang='lat' dir='ltr'>a.</span> <span class='ocrx_word' id='word_1_241' title='bbox 690 3462 732 3511; x_wconf 81' lang='lat'>24.</span> <span class='ocrx_word' id='word_1_242' title='bbox 753 3461 812 3511; x_wconf 89' lang='grc' dir='ltr'>ΒΗ</span> <span class='ocrx_word' id='word_1_243' title='bbox 828 3474 853 3511; x_wconf 73' lang='lat' dir='ltr'>v,</span> 
     </span>
    </p>
   </div>
   <div class='ocr_carea' id='block_1_8' title="bbox 0 0 1204 3840">
    <p class='ocr_par' dir='ltr' id='par_1_11' title="bbox 0 0 1204 3840">
     <span class='ocr_line' id='line_1_31' title="bbox 0 0 1204 3840; baseline 0 4"><span class='ocrx_word' id='word_1_244' title='bbox 0 0 1204 3840; x_wconf 95' lang='lat' dir='ltr'> </span> 
     </span>
    </p>
   </div>
  </div>
 </body>
</html>
