2400 3840
134 173 180 236 44
538 175 742 227 ΔΕΔΟΜΕΝΑ.

138 322 204 383 AB
232 315 497 403 πρὸςέκολτερον
523 328 591 384 τῶν
607 321 689 402 ΛΓ,
708 321 790 401 ΓΗ,
820 316 876 383 καὶ
902 325 962 382 τοῦ
990 320 1064 383 ΔΓ
1087 320 1154 404 ἄρα

136 426 220 509 πρὸς
239 425 276 488 τὸ
295 427 367 488 ΓΗ
386 427 485 507 λόγος
506 420 575 489 ἐστὶ
598 425 725 500 δοθείς·
749 421 992 510 ἀναστρέψαντι
1015 423 1154 491 καὶτοῦ

139 534 171 596 Γ
166 536 200 595 A
230 532 314 615 πρὸς
344 534 422 596 ΔΗ
453 533 551 613 λόγος
582 528 651 595 ἐστὶ
683 531 806 608 δοθείς.
865 529 958 597 ἀλλὰ·
983 540 1045 596 τοῦ
1078 536 1153 597 ΗΔ

136 639 220 722 πρὸς
241 641 308 702 AZ
335 640 434 720 λόγος
460 635 529 702 ἐστὶ
557 637 684 712 δοθείς·
719 635 775 702 καὶ
802 644 862 702 τοῦ
886 640 948 702 ΓΔ
974 639 1039 723 ἄρα
1067 639 1153 724 πρὸς

31 776 34 781 ·
100 749 204 810 οΔιΖ
227 747 325 827 λόγος
347 740 417 808 ἐστὶ
440 743 565 819 δοθείς·
589 740 745 806 ὥστεκαὶ
763 750 823 806 τοῦ
844 744 905 807 ΓΖ
928 742 1011 854 πρὸς
1029 745 1067 809 τὸ
1091 749 1152 809 ZA

55 877 57 882 ·
138 853 236 934 λόγος
258 848 328 916 ἐστὶ
351 850 473 924 δοθείς.
510 847 593 913 ἀλλὰ
616 857 676 913 τοῦ
696 844 757 932 μὲν
777 851 838 913 ΓΖ
860 848 944 934 πρὸς
961 853 1032 913 AE
1052 852 1153 932 λόγος

33 948 36 953 ’
138 956 207 1023 ε’στὶ
232 958 360 1040 δοθείς,
387 963 447 1020 τοῦ
472 951 508 1020 δὲ
532 959 593 1019 ZA
614 955 698 1040 πρὸς
720 958 786 1019 ΒΕ
806 957 905 1037 λόγος
928 953 997 1020 ἐστὶ
1021 955 1151 1032 δοθείς·

138 1066 221 1129 ὥστε
243 1063 378 1129 πάντων
399 1063 483 1146 πρὸς
504 1061 612 1126 πάντα
633 1063 733 1144 λόγος
755 1059 824 1126 ἐστὶ
847 1062 969 1138 δοθείς.

611 1254 676 1320 κδ’.

87 1396 121 1445 10
203 1380 279 1446 Ἐὰν
297 1391 385 1465 τρεῖς
403 1379 532 1444 εὐθεῖαι
551 1379 716 1461 ἀνάλογον
734 1375 827 1463 ὦσιν,
845 1379 866 1463 ἡ
886 1377 922 1445 δὲ
940 1383 1053 1466 πρώτη
1068 1384 1154 1467 πρὸς

139 1489 200 1571 τὴν
227 1490 342 1573 τρίτην
369 1489 470 1569 λόγον
496 1490 553 1572 ἔχῃ
581 1486 775 1572 δεδομένον,
806 1485 862 1551 καὶ
884 1487 968 1572 πρὸς
989 1490 1052 1572 τὴν
1075 1490 1152 1554 δεν-

138 1595 362 1680 τέρανλόγον
384 1591 448 1671 ἕξει
471 1591 660 1678 δεδομένον.

207 1703 354 1766 ἔστωσαν
380 1710 468 1786 τρεῖς
494 1699 623 1765 εὐθεῖαι
650 1699 815 1783 ἀνάλογον
843 1700 881 1764 αλ
905 1705 952 1784 Α,
971 1704 1015 1785 Β,
1035 1704 1079 1783 Γ,
1109 1696 1154 1779 ὥς

139 1808 160 1892 ἡ
184 1813 216 1871 Α
241 1808 324 1893 πρὸς
350 1788 411 1891 τὴν
434 1811 478 1891 Β,
511 1806 616 1883 οὕτως
643 1807 663 1891 ἡ
688 1810 717 1871 Β
740 1808 823 1891 πρὸς
850 1807 911 1891 τὴν
939 1809 977 1891 Γ,
1008 1806 1029 1890 ἡ
1059 1805 1098 1874 δὲ
1121 1815 1155 1873 A

87 1929 121 1978 15
138 1915 223 1999 πρὸς
249 1915 310 1997 τὴν
339 1915 371 1977 Γ
397 1915 499 1995 λόγον
530 1910 628 1997 ἐχέτω
657 1910 850 1997 δεδομένον·
888 1910 986 1996 λέγω,
1019 1913 1070 1979 ὅτι
1098 1913 1155 1980 καὶ

137 2023 221 2105 πρὸς
244 2021 306 2103 τὴν
328 2023 356 2084 Β
380 2022 481 2102 λόγον
504 2016 567 2098 &za
589 2016 778 2103 δεδομένον.

207 2126 367 2190 ἐκκείσθω
395 2128 459 2211 γὰρ
486 2127 624 2191 δοθεῖσα
652 2124 671 2208 ἡ
694 2131 736 2191 A.
782 2124 838 2190 καὶ
866 2124 936 2190 ἐπεὶ
960 2127 1059 2210 λόγος
1084 2126 1155 2193 ἐστὶ

140 2242 198 2315 τῆς
220 2238 253 2296 A
275 2233 358 2317 πρὸς
380 2233 441 2315 τὴν
465 2234 497 2296 Γ
516 2232 644 2316 δοθείς,
671 2231 689 2297 ὁ
713 2232 813 2308 αὐτὸς
835 2231 925 2321 αὐτῷ
949 2231 1112 2315 γεγονέτω
1136 2234 1155 2300 ὁ

141 2347 199 2420 τῆς
217 2343 251 2401 A
274 2339 356 2422 πρὸς
378 2338 440 2420 τὴν
459 2343 501 2403 Ζ·
524 2341 621 2421 λόγος
644 2339 708 2423 ἄρα
730 2336 786 2404 καὶ
808 2346 865 2423 τῆς
882 2345 917 2404 A
938 2340 1021 2426 πρὸς
1044 2341 1108 2424 τὴν
1127 2344 1155 2404 Ζ

88 2428 270 2520 νομδοθείς·
290 2441 481 2509 δοθεῖσαδὲ
494 2443 515 2527 ἡ
528 2450 576 2509 A·
595 2445 734 2510 δοθεῖσα
752 2447 817 2530 ἄρα
834 2443 924 2528 καὶὴ
940 2448 976 2509 Ζ.
1000 2446 1155 2529 εἰλήφθω

119 2570 124 2580 ·
141 2561 208 2615 τῶν
230 2556 272 2636 A,
292 2554 319 2614 Z
343 2548 423 2634 μέση
448 2549 612 2634 ἀνάλογον
634 2550 655 2634 ἡ
673 2556 717 2616 Ε·
740 2554 777 2617 τὸ
800 2554 864 2638 ἄρα
887 2534 953 2617 ὑετὸ
976 2562 1044 2616 τῶν
1062 2556 1107 2636 Δ,
1127 2557 1156 2616 Ζ

16 2687 19 2699 ·
142 2664 217 2723 ῖσον
241 2654 310 2721 ἐστὶ
332 2664 378 2744 τῷ
398 2656 462 2721 ἀπὸ
485 2664 543 2740 τῆς
560 2662 612 2727 Ε.
636 2655 739 2723 δοθέν
762 2655 799 2722 δὲ
821 2660 859 2724 τὸ
878 2658 944 2729 ὑπὸ
963 2669 1031 2724 τῶν
1048 2664 1092 2742 Δ,
1114 2663 1156 2723 Ζ·

141 2765 281 2828 δοθεῖσα
305 2764 367 2849 γὰρ
392 2761 527 2849 ἑκατέρα
550 2764 673 2829 αὐτῶν·
698 2761 802 2830 δοθὲν
820 2765 884 2850 ἄρα
901 2763 1012 2830 καὶτὸ
1032 2764 1097 2830 ἀπὸ
1112 2770 1156 2830 Ε·

144 2873 283 2936 δοθεῖσα
311 2871 376 2956 ἄρα
403 2869 493 2935 ἐστὶν
520 2870 540 2954 ἡ
568 2876 605 2938 Ε.
650 2874 719 2936 ἔστι
748 2867 785 2936 δὲ
812 2869 915 2956 καλὴ
938 2877 971 2936 A
999 2871 1157 2936 δοθεῖσα·

89 2991 123 3039 25
144 2981 242 3061 λόγος
269 2978 333 3062 όρα
361 2974 430 3041 ἐστὶ
452 2985 510 3060 τῆς
531 2982 565 3041 A
591 2979 674 3063 πρὸς
696 2978 757 3062 τὴν
779 2982 812 3042 Ε
837 2978 959 3054 δοθείς.
1004 2975 1061 3042 καὶ
1085 2976 1161 3044 ἐπεί

143 3083 233 3148 ἐστιν
261 3084 306 3161 ὡς
332 3082 353 3167 ἡ
377 3089 409 3147 A
435 3083 519 3168 πρὸς
541 3084 602 3167 τὴν
625 3087 663 3168 Γ,
694 3083 800 3161 οὕτως
822 3084 842 3168 ἡ
865 3089 899 3148 A
924 3085 1008 3172 πρὸς
1029 3087 1092 3169 τὴν
1119 3089 1158 3169 Ζ,

19 3274 23 3283 ῃ
143 3187 215 3254 ἀλλ’
237 3190 281 3266 ὡς
303 3186 364 3274 μὲν
386 3189 407 3273 ἡ
430 3197 462 3255 A
488 3190 571 3277 πρὸς
598 3192 659 3274 τὴν
682 3193 721 3274 Γ,
753 3191 858 3268 οὕτως
885 3193 922 3257 τὸ
950 3190 1014 3257 ἀπὸ
1042 3199 1101 3274 τῆς
1124 3198 1158 3256 A

216 3390 239 3437 1.
259 3389 303 3437 BA
322 3382 418 3437 Γαῖα.
482 3381 551 3436 Post
571 3386 630 3436 ΓΗ
645 3380 828 3445 εδᾶ.,δοθείς
845 3399 870 3438 a.
934 3389 959 3437 2.
978 3381 1039 3455 καί]
1060 3399 1115 3438 om.
1129 3401 1157 3438 a.

179 3460 204 3507 4.
224 3455 290 3525 AZ]
309 3453 340 3508 τό
362 3458 408 3508 ΖΔ
427 3469 452 3506 ο.
535 3453 652 3577 &ME
666 3457 762 3508 ZAa..
834 3453 877 3525 τό]
897 3470 950 3508 om.
970 3471 995 3508 a.
1079 3455 1157 3509 6.τδ

68 3527 199 3620 *AB
214 3524 311 3579 Γαῖα.
364 3523 432 3578 m&
448 3522 579 3578 BEVat.
653 3521 1158 3593 οελδοθεές(α1ῖ.)ε.δό.καὶτοῦΑΕ
