2400 3840
515 159 678 211 εοΗοιεε.
1037 158 1103 224 275

90 305 157 366 AB
179 299 321 385 μέγεθος
344 298 598 385 συναμφοτέρου
622 308 682 364 τοῦ
701 303 772 365 AF
790 299 926 365 δοθέντι
949 303 1060 386 μεῖζον
1083 302 1103 387 ἢ

89 407 126 472 έν
153 409 240 494 λόγῳ
272 403 328 471 καῖ
356 405 490 490 ἀφελὼν
520 408 557 471 τὸ
586 402 690 470 δοθὲν
717 403 858 491 μέγεθος
884 408 921 472 τὸ
949 413 1018 473 AE
1047 408 1103 474 καῖ

89 516 293 598 βουλόμενος
321 509 439 595 δεῖξαι,
471 512 522 577 ὅτι
549 513 586 577 τὸ
610 512 691 577 αὐτὸ
720 513 757 577 τὸ
781 516 846 577 AB
874 509 929 577 καῖ
957 523 1017 579 τοῦ
1040 520 1109 581 ΒΓ

88 617 225 684 δοθέντι
248 621 358 703 μεῖζόν
381 617 471 683 ε’στιν
494 617 514 702 ἣ
538 617 575 683 έν
597 621 699 702 λόγω,
723 616 823 700 λέγει·
854 619 1014 702 γεγονέτω
1039 622 1102 708 γὰρ

106 765 129 812 A
370 761 395 810 E
498 763 524 812 A
651 762 673 811 Β
815 761 842 811 Γ
1063 765 1085 814 Ζ

113 831 144 867 ι-
384 829 831 867 1--1——4———1
1072 831 1075 868 ι

89 939 134 1016 ὡς
156 938 193 1003 τὸ
217 941 288 1003 AF
309 938 392 1022 πρὸς
415 938 452 1002 τὸ
476 942 553 1021 ΕΒ,
582 938 688 1015 οὕτως
710 939 747 1003 τὸ
771 944 836 1003 AA
861 940 944 1023 πρὸς
966 941 1003 1004 τὸ
1025 945 1102 1005 ΛΕ.
1139 954 1156 1003 6

88 1043 146 1109 ε’ἴιν
170 1040 232 1109 οὗν
255 1045 454 1128 βουλώμεθα
477 1045 613 1128 ποιῆσαι
641 1043 686 1120 ὡς
709 1045 746 1108 τὸ
770 1048 841 1109 AF
862 1046 945 1129 πρὸς
968 1046 1004 1110 τὸ
1028 1051 1102 1130 ΕΒ,

89 1137 195 1226 οὕτως
218 1151 255 1214 τὸ
279 1155 344 1214 ΑΔ
366 1151 450 1234 πρὸς
472 1151 510 1215 τὸ
531 1155 614 1233 ΔΕ,
644 1151 946 1227 κατασκευάσαντες
960 1139 1102 1234 ’ποιησο-

88 1279 149 1341 μεν
182 1255 299 1332 οὕτως·
337 1254 548 1339 ἐκβεβλήσθω
581 1258 644 1343 γὰρ
676 1256 697 1339 ἡ
725 1259 796 1321 AF
823 1256 876 1321 έττῖ
908 1258 944 1322 τὸ
974 1262 1016 1341 Ζ,
1047 1256 1104 1323 καῖ

88 1364 213 1426 κείσθω
241 1372 280 1447 τῇ
309 1367 378 1426 AE
406 1367 460 1445 ἴση
487 1361 508 1445 ἡ
538 1365 613 1446 ΓΖ,
645 1361 701 1427 καῖ
728 1361 890 1445 γεγονέτω
919 1363 964 1440 ὡς
990 1365 1010 1448 ἡ
1041 1369 1102 1428 ΖΒ

87 1469 171 1553 πρὸς
193 1469 255 1552 την
277 1473 356 1551 ΒΕ,
380 1468 485 1544 οὕτως
507 1467 527 1550 ἡ
553 1474 607 1550 ἴση
630 1479 669 1554 τῇ
694 1472 765 1551 ΖΓ,
788 1466 960 1534 τουτέστιν
982 1469 1002 1552 ἡ
1026 1475 1102 1553 ΑΕ,
1122 1483 1156 1532 10

87 1576 171 1659 πρὸς
192 1575 254 1658 τὴν
277 1579 357 1638 ΕΔ·
386 1575 489 1657 δῆλον
512 1573 591 1658 γάρ,
620 1574 670 1639 ὅτι
692 1584 866 1650 ποιοῦντες
888 1575 933 1650 ὡς
956 1576 1017 1657 τὴν
1041 1579 1102 1639 ΖΒ

87 1682 170 1766 πρὸς
193 1682 254 1763 τὴν
278 1685 352 1764 ΒΕ,
375 1680 481 1756 οὕτως
503 1682 565 1763 την
588 1685 657 1745 AE
676 1681 760 1764 πρὸς
783 1681 887 1764 ἄλλην
909 1680 994 1763 τινα,
1019 1682 1103 1765 πρὸς

88 1786 250 1851 ἐλάσσονα
273 1795 330 1870 τῆς
353 1791 420 1850 ΒΕ
440 1789 634 1870 ποιήσομεν·
667 1785 829 1868 γεγονέτω
854 1781 915 1851 οὖν
938 1787 1021 1873 πρὸς
1041 1788 1102 1869 τὴν

88 1898 160 1958 ΕΛ.
207 1892 276 1958 έπεῖ
299 1889 362 1959 οὖν
385 1870 543 1968 ἐστιν’ὡς
565 1892 585 1975 ἡ
611 1897 673 1957 ΖΒ
700 1893 783 1977 πρὸς
805 1893 867 1976 τὴν
890 1897 968 1976 ΒΕ,
997 1892 1103 1970 οὕτως

88 1998 197 2081 ηΑΕ
216 1999 300 2084 πρὸς
318 2004 395 2083 ΕΛ,
419 1997 578 2064 συνθέντι
602 1998 702 2083 ἐστίν,
725 2000 770 2075 ὡς
792 1999 813 2082 η
838 2003 903 2063 ΖΕ
922 1999 1006 2083 πρὸς
1027 2002 1102 2082 ΕΒ,
1122 2011 1155 2060 15

88 2104 194 2181 οὕτως
216 2104 236 2187 ἡ
260 2111 326 2169 ΑΛ
349 2107 431 2190 πρὸς
452 2110 529 2170 ΛΕ.
565 2111 618 2188 ἴση
643 2102 679 2170 δὲ
702 2105 722 2189 ἡ
748 2109 812 2169 ΖΕ
833 2115 872 2190 τῇ
896 2107 967 2169 AF
985 2104 1101 2170 διὰτὸ

88 2220 127 2295 τῇ
155 2215 224 2274 ΑΕ
255 2217 330 2294 ἴσην
362 2207 448 2275 εἶναι
479 2212 541 2293 τὴν
570 2214 639 2276 ΓΖ.
693 2214 784 2275 έστιν
815 2211 880 2294 ἄρα
912 2209 957 2286 ὡς
988 2208 1008 2291 ἡ
1036 2212 1107 2274 AF

87 2316 170 2402 πρὸς
192 2321 266 2400 ΕΒ,
289 2317 395 2392 οὕτως
417 2317 437 2401 ἡ
461 2322 528 2381 ΑΔ
549 2318 633 2401 πρὸς
655 2321 732 2381 ΛΕ.

154 2441 207 2505 57.
240 2445 395 2526 Σχόλιον.
437 2441 482 2516 ὡς
505 2444 759 2526 συναμφότερον
782 2441 819 2505 τὸ
839 2445 915 2523 ΑΕ,
934 2443 1002 2503 ΒΓ
1018 2441 1102 2526 πρὸς

88 2548 167 2628 ΑΓ,
195 2545 301 2622 οὕτως
328 2547 365 2611 τὸ
388 2551 458 2611 ΑΕ
482 2547 565 2633 πρὸς
588 2553 662 2612 ΑΔ.
707 2542 763 2611 καῖ
786 2545 951 2611 ἀνάπαλιν
978 2543 1034 2610 καῖ
1058 2545 1102 2622 ὡς
1121 2559 1156 2608 20
1185 2571 1187 2578 '

88 2651 124 2714 τὸ
148 2657 181 2715 Α
187 2654 220 2714 Γ
245 2652 328 2736 πρὸς
356 2655 608 2737 συναμφότερον
635 2658 712 2736 ΑΕ,
732 2656 809 2735 ΒΓ,
842 2653 948 2729 οὕτως
974 2654 1011 2718 τὸ
1034 2658 1102 2718 ΛΑ

88 2757 171 2841 πρὸς
202 2762 271 2821 ΑΕ
301 2755 355 2822 καῖ
387 2757 631 2843 ἀναστρέψαντι
664 2759 709 2834 ὡς
740 2759 777 2822 τὸ
810 2762 881 2822 AF
912 2760 995 2844 πρὸς
1026 2762 1101 2841 ΕΒ,

88 2861 194 2939 οὕτως
216 2864 253 2928 τὸ
278 2870 343 2927 ΑΔ
365 2865 448 2950 πρὸς
468 2868 539 2929 ΔΕ
560 2865 683 2940 ἃοθείς.

158 3037 219 3106 Fig.
240 3054 292 3092 om.
312 3037 354 3091 Pl.

159 3203 200 3252 57.
221 3216 246 3252 V.

159 3363 184 3411 2.
204 3355 300 3427 ἀφέλω
318 3356 336 3411 Ι.
416 3356 447 3411 τὸ
461 3358 515 3410 AE
532 3354 563 3409 τὸ
579 3350 668 3408 δοθέν
683 3349 803 3422 μέγεθος
821 3370 844 3407 ο.
928 3357 950 3406 7.
969 3351 1001 3406 τό
1016 3352 1100 3424 (1111)]

88 3428 179 3483 01111.
261 3433 286 3482 8.
306 3425 404 3499 οὕτως]
424 3444 476 3481 om.
496 3448 519 3494 ρ.
598 3431 621 3479 9.
640 3426 686 3497 τῇ]
705 3421 740 3478 τά
757 3424 792 3494 Ρ,
811 3423 843 3478 τό
861 3423 880 3476 l.
954 3424 1015 3494 ΖΒ]
1035 3428 1057 3476 Β
1077 3440 1099 3478 ο.

125 3505 166 3553 10.
185 3499 289 3570 Μυκη]
304 3515 356 3554 om.
367 3498 385 3552 l.
442 3503 482 3553 15.
503 3492 589 3568 ἐστίν]
606 3494 681 3550 ἔσται
694 3516 718 3564 ρ.
774 3500 816 3549 19.
832 3493 954 3565 σχόλιον]
969 3510 1058 3563 comp.
1073 3512 1099 3549 v.

886 3582 939 3636 18*
