2400 3840
490 454 543 520 Ad
565 350 658 539 pro}
674 453 793 518 XXIV.

467 579 614 657 ’Ἄλλως
636 581 677 645 τὸ
701 579 804 643 αὐτό.

201 701 288 768 Ἐπεί
310 707 408 787 λόγος
432 703 500 770 ἐστὶ
523 713 581 789 τῆς
600 710 632 768 A
653 705 737 789 πρὸς
760 705 821 786 τὴν
841 706 873 767 Γ
891 704 1018 786 δοθείς,
1044 703 1090 780 ὡς
1115 700 1151 768 δὲ

104 810 216 893 bij
244 811 326 896 πρὸς
348 812 409 895 τὴν
433 814 473 894 Γ,
503 810 609 887 οὕτως
631 811 668 875 τὸ
692 809 756 875 ἀπὸ
779 818 837 893 τῆς
859 814 892 873 A
919 811 1002 896 πρὸς
1024 811 1061 874 τὸ
1086 810 1151 876 ὑπὸ

137 927 205 981 τῶν
223 922 265 1000 A,
286 920 326 1001 Γ,
350 920 447 999 λόγος
470 919 541 1004 ἄρα
556 915 612 982 καί
634 925 694 981 τοῦ
714 915 777 980 ἀπὸ
796 925 854 1000 τῆς
872 923 904 981 A
926 919 1009 1002 πρὸς
1027 917 1064 981 τὸ
1085 916 1150 982 ὑπὸ

139 1034 207 1088 τῶν
230 1029 271 1107 A,
291 1026 324 1087 Γ
342 1025 464 1100 ὃοθείς.
501 1033 547 1112 τῷ
571 1020 608 1088 δὲ
630 1023 695 1088 ὑπὸ
718 1033 786 1087 τῶν
809 1028 851 1106 A,
872 1026 904 1088 Γ
923 1029 997 1088 ἴσον
1020 1022 1090 1088 ἐστὶ
1115 1026 1151 1088 τὸ

140 1129 203 1195 ἀπὸ
230 1139 287 1215 τῆς
311 1133 353 1193 Β·
387 1132 483 1211 λόγος
511 1131 575 1215 ἄρα
601 1137 661 1193 τοῦ
689 1127 752 1192 ἀπὸ
783 1137 841 1211 τῆς
863 1134 896 1192 A
919 1130 1002 1214 πρὸς
1024 1130 1062 1194 τὸ
1086 1129 1151 1194 ἀπὸ

140 1245 197 1319 τῆς
216 1240 244 1300 Β
268 1237 394 1312 domes·
418 1236 501 1300 ὥστε
523 1232 578 1298 καὶ
601 1243 659 1317 τῆς
677 1239 709 1298 Α
732 1235 816 1318 πρὸς
834 1236 894 1317 τὴν
913 1238 941 1298 Β
965 1237 1063 1317 λόγος
1082 1234 1152 1300 ἐστὶ

91 1353 124 1401 10
143 1343 263 1418 ὃοθείς.

486 1590 537 1654 Ad
559 1485 658 1675 prol}
674 1588 808 1654 XXVII.

563 1712 716 1790 Ἄλλως.

91 1847 97 1858 “
170 1920 172 1925 ,
208 1838 344 1928 Κέντρῳ
373 1840 435 1926 γὰρ
464 1848 509 1928 τῷ
534 1845 580 1922 A,
613 1839 809 1923 διαστήματι
837 1835 874 1903 δὲ
901 1849 946 1927 τῷ
971 1844 1037 1904 ΑΒ
1061 1862 1153 1925 περι-

88 1971 121 2020 15
142 1945 257 2031 φίρεια
284 1946 464 2030 γεγράφθω
493 1945 513 2029 ἡ
539 1950 645 2010 ΓΒΔ·
678 1943 770 2010 θέσει
798 1947 862 2030 ἄρα
890 1944 979 2011 ἐστὶν
1002 1946 1023 2028 ἡ
1049 1950 1152 2011 ΓΒΔ.

140 2051 233 2117 θέσει
262 2049 298 2118 δὲ
325 2052 380 2118 καὶ
408 2052 429 2136 ἡ
457 2057 522 2118 AB
556 2052 685 2116 εὐθεῖα·
723 2048 827 2116 δοθὲν
859 2054 922 2138 ἄρα
955 2050 1024 2116 ἐστὶ
1056 2054 1094 2117 τὸ
1124 2057 1152 2116 Β

142 2171 285 2245 σημεῖον.

504 2414 556 2489 A'd
577 2320 668 2508 pross.
691 2423 791 2488 XXX.

89 2576 122 2623 20
472 2547 619 2624 ’Ἄλλως
641 2549 682 2613 τὸ
705 2548 808 2614 αὐτό.

203 2671 325 2757 Ἤχθω
354 2674 410 2737 διὰ
437 2682 496 2737 τοῦ
521 2679 553 2738 Α
576 2675 711 2757 σημείου
740 2682 780 2758 τῇ
803 2677 865 2736 ΒΛ
872 2676 904 2736 Γ
925 2671 1041 2758 εὐθείᾳ
1070 2693 1154 2756 παρ-

115 2794 119 2799 ’
143 2781 284 2864 dumos
301 2780 321 2864 ἡ
337 2785 398 2845 ΕΑ
404 2785 440 2844 Ζ.
460 2778 529 2844 ἐπεὶ
544 2774 605 2844 οὖν
620 2779 675 2843 διὰ
694 2777 874 2864 δεδομένου
893 2781 1031 2863 σημείου
1045 2788 1106 2844 τοῦ
1121 2786 1154 2845 Α

215 3053 239 3102 3.
259 3047 290 3101 τὸ
310 3044 404 3136 αὐτό]
410 3061 462 3099 om.
482 3062 507 3100 v
590 3050 614 3098 4.
634 3045 700 3125 τῆς]
719 3051 769 3097 τοῦ
788 3060 813 3098 a.
894 3041 959 3116 τήν]
978 3043 1054 3099 rba.
1128 3049 1153 3096 6

144 3119 211 3190 τῶν]
232 3135 299 3173 corr.
319 3133 353 3171 ex
370 3115 421 3184 τήν
439 3134 474 3170 m.
496 3116 608 3184 2Vat,
632 3114 701 3168 Item
719 3113 768 3170 lin.
789 3113 860 3168 Yin.
954 3119 978 3170 7.
998 3111 1043 3186 δι’]
1062 3130 1152 3182 comp.

145 3207 272 3259 supraa
335 3188 423 3260 τό]
396 3204 477 3242 τωο
538 3193 561 3243 8
582 3187 616 3258 Β]
639 3190 732 3240 PBv.
796 3186 856 3256 τῆς]
874 3193 970 3242 fova
1025 3186 1059 3310 A)
1080 3183 1151 3252 BP,

144 3265 193 3314 BA
216 3279 240 3314 v.
336 3264 360 3314 9.
385 3242 498 3330 B(pr.)]
523 3258 599 3328 ΓΡ,
624 3261 718 3312 ΓΒν.
819 3262 860 3312 10.
884 3255 1152 3318 Ροε66οθεςοᾶά.

145 3331 194 3385 ἑκα
177 3329 261 3405 ατέρᾳ
289 3329 341 3400 γὰρ
369 3338 424 3384 τῶν
452 3332 514 3398 (τῆς
536 3330 611 3399 vat.)
639 3334 674 3396 A,
694 3333 716 3382 B
744 3326 806 3390 ίσας
836 3326 1028 3396 ἐπορισαμεθα
1057 3326 1087 3382 ἐν
1115 3331 1154 3408 τῷ

145 3400 236 3482 οἰκείῳ
247 3387 365 3473 ἑααστρ
387 3402 549 3474 τετραγώνῳ
572 3401 635 3455 Vat.
644 3418 728 3470 ‚.mg
748 3418 784 3455 m.
806 3399 863 3453 1P
886 3417 949 3453 cum
967 3397 1048 3468 signo
1068 3382 1155 3453 omis¹·

145 3457 239 3525 sionis
312 3479 352 3526 13.
373 3471 460 3535 ἄλλως
475 3472 506 3526 τὸ
521 3457 589 3526 αὐτό
603 3471 698 3527 67666
775 3476 814 3526 14.
831 3468 1005 3542 περιφέρεια]
1022 3486 1111 3540 comp.
1127 3488 1154 3527 a.
