2400 3840
116 163 181 228 150
519 163 716 214 ΔεΔοΜεαΑ

590 347 653 405 οη.

183 447 263 514 Ἐὰν
290 445 395 513 δοθὲν
422 442 510 522 εἶδος
537 449 621 533 πρός
647 470 680 511 τι
708 447 920 532 ὀρθογώνιον
948 449 1050 529 λόγον
1074 450 1131 532 ἔχῃ

115 553 311 639 δεδομένον,
339 552 394 619 καὶ
417 557 475 638 μία
498 553 626 637 πλευρὰ
647 539 731 638 πρὸς
753 557 834 637 μίαν
856 553 1005 638 πλευρὰν
1029 556 1132 634 λόγον

116 664 172 746 ἔχῃ
196 660 352 744 δοθέντα,
376 658 509 725 δέδοται
532 661 569 724 τὸ
594 659 806 744 ὀρθογώνιον
828 669 874 746 τῷ
899 660 998 747 είδει.ο
1164 658 1168 666 ’

79 783 95 829 5
184 764 290 831 δοθὲν
312 767 375 852 γὰρ
399 760 488 841 εἶδος
510 766 547 830 τὸ
571 769 672 829 ΑΖΒ
695 767 779 849 πρός
801 788 833 828 τι
857 764 1069 849 ὀρθογώνιον
1092 768 1130 831 τὸ

118 878 178 939 ΓΛ
206 876 307 955 λόγον
331 871 427 956 έχέτω
452 868 647 954 δεδομένον,
675 868 730 934 καὶ
754 873 836 935 ἔστω
861 873 958 953 λόγος
985 882 1043 954 τῆς
1069 876 1131 936 ΖΒ

114 981 197 1065 πρὸς
223 981 285 1061 τὴν
308 982 376 1042 ΕΔ
404 978 532 1052 δοθείς·
565 974 665 1058 λέγω,
693 977 744 1040 ότι
772 974 904 1040 δέδοται
932 977 969 1041 τὸ
994 980 1055 1041 ΓΛ
1083 988 1129 1065 τῷ

116 1087 205 1150 είδει.

182 1190 430 1275 ἀναγεγράφθω
450 1188 513 1274 γὰρ
534 1187 598 1252 ἀπὸ
617 1197 675 1271 τῆς
690 1192 752 1252 ΖΒ
771 1189 981 1273 τετράγωνον
997 1190 1034 1252 τὸ
1051 1194 1130 1272 ΖΗ,

62 1310 95 1359 10
113 1294 168 1361 καὶ
191 1297 459 1381 παραβεβλήσθω
487 1295 577 1379 παρὰ
600 1296 661 1378 τὴν
684 1300 752 1359 EA
779 1303 825 1382 τῷ
850 1299 923 1358 ΖΗ
947 1301 1021 1360 ίσον
1046 1318 1131 1381 παρ-

115 1404 392 1488 αλληλόγραμμον
414 1401 451 1466 τὸ
476 1403 562 1483 ΕΚ,
585 1397 641 1464 καὶ
668 1403 792 1465 κείσθω
818 1401 901 1465 ὥστε
924 1399 975 1466 ἐπ’
997 1401 1132 1478 εὐθείας

115 1503 199 1573 εἶναι
228 1507 289 1590 τὴν
318 1510 381 1571 ΓΕ
411 1517 450 1592 τῇ
479 1510 564 1571 Εὐ),
594 1504 645 1571 επ’
672 1505 806 1582 εὐθείας
838 1493 903 1592 ἄρα
931 1506 1000 1573 ἐστὶ
1025 1506 1081 1573 καὶ
1109 1508 1130 1591 ἡ

114 1620 188 1680 MA
211 1625 250 1700 τῇ
270 1616 348 1677 AK.
385 1610 440 1677 καὶ
462 1610 531 1677 ἐπεὶ
550 1611 613 1677 ἀπὸ
637 1621 695 1696 τῆς
713 1613 815 1695 αὐτῆς
838 1613 972 1690 εὐθείας
989 1623 1047 1697 τῆς
1067 1619 1130 1678 ΖΒ

114 1722 176 1786 δύο
205 1720 440 1806 εὐθύγραμμα,
474 1718 494 1782 δ
522 1721 652 1802 ἔτυχεν,
685 1717 846 1803 δεδομένα
872 1728 918 1807 τῷ
946 1721 1026 1784 είδει
1050 1720 1130 1785 ὐνα-

62 1837 95 1886 15
115 1826 296 1912 γέγραπται
318 1827 359 1890 τὰ
382 1830 493 1908 ΑΖΒ,
514 1829 597 1909 ΖΗ,
630 1828 728 1908 λόγος
755 1827 820 1910 ἄρα
849 1823 918 1889 ε’σπλ
944 1835 1004 1890 τοῦ
1028 1831 1130 1890 ΑΖΒ

113 1934 197 2018 πρὸς
220 1934 257 1997 τὸ
278 1936 351 1996 ΖΗ
370 1933 494 2007 δοθείς.
531 1939 592 1995 τοῦ
615 1927 653 1995 δὲ
670 1935 770 1995 ΑΖΒ
789 1932 873 2016 πρὸς
890 1933 928 1996 τὸ
948 1935 1009 1996 ΓΛ
1033 1936 1132 2014 λόγος

116 2037 185 2103 ἐστὶ
209 2029 336 2114 δοθείς·
360 2036 494 2102 καὶτοῦ
515 2041 588 2100 ΖΗ
607 2038 671 2121 ὀίρα
693 2038 776 2122 πρὸς
799 2037 837 2101 τὸ
858 2040 919 2101 ΓΛ
942 2039 1040 2119 λόγος
1059 2037 1128 2103 ἐστὶ

114 2147 237 2221 δοθείς.
281 2144 364 2210 ἀλλὰ
386 2146 424 2209 τὸ
450 2148 522 2208 ΖΗ
540 2153 586 2231 τῷ
610 2147 680 2208 ΕΚ
700 2142 769 2207 ἐστι
794 2149 881 2208 ίσον·
905 2141 1043 2208 καὶτοῦ
1068 2147 1130 2208 ΓΔ

114 2253 179 2336 ὀίρα
201 2252 285 2336 πρὸς
307 2251 343 2315 τὸ
363 2254 433 2314 ΕΚ
452 2251 552 2332 λόγος
575 2247 643 2313 ἐστὶ
663 2250 791 2326 δοθείς·
815 2250 898 2314 ὥστε
916 2247 1048 2332 καὶτῆς
1068 2253 1133 2314 ΓΕ

62 2366 96 2414 20
114 2357 197 2443 πρὸς
225 2357 286 2439 τὴν
309 2360 375 2420 ΕΘ
402 2359 499 2438 λόγος
528 2352 596 2419 ἐστὶ
620 2356 742 2430 δοθείς.
789 2352 845 2419 καὶ
868 2353 937 2419 ἐπεὶ
961 2361 1036 2420 ίσον
1059 2355 1129 2420 ἐστὶ

113 2459 169 2525 καὶ
202 2461 380 2544 ἰσογώνιον
411 2461 448 2525 τὸ
478 2464 551 2524 ΖΗ
577 2469 623 2548 τῷ
651 2464 733 2543 ΕΚ,
766 2460 851 2545 [ἔστι
879 2457 916 2524 δὲ
942 2458 997 2525 καὶ
1025 2461 1129 2545 ὀρθο-

112 2567 266 2651 γώνιον]
300 2566 585 2631 ἀντιπεπόνθασιν
609 2567 673 2651 ὀίρα
697 2565 809 2630 αὐτῶν
832 2566 869 2630 αἱ
889 2570 1044 2652 πλευραί,
1073 2570 1133 2632 καί

114 2673 204 2738 ἐστιν
236 2672 281 2750 ὡς
310 2671 331 2755 ἡ
361 2677 422 2737 ΖΒ
449 2673 533 2756 πρὸς
559 2677 643 2755 EA,
676 2672 783 2748 οὕτως
809 2670 830 2753 ἡ
854 2675 920 2735 ΕΘ
946 2672 1029 2758 πρὸς
1054 2675 1128 2736 ΖΛ.

113 2781 211 2861 λόγος
242 2778 280 2842 δέ
310 2778 481 2844 ὑπόκειται
513 2787 571 2861 τῆς
599 2782 661 2842 ΖΒ
692 2778 776 2863 πρὸς
808 2779 870 2861 τὴν
897 2782 966 2841 EA
999 2777 1148 2856 δοθείςί

184 2942 208 2990 2.
230 2935 289 3007 ἔχῃ]
315 2951 383 2989 corr.
403 2951 438 2989 ex
458 2934 513 3006 ἔχει
531 2952 556 2988 v.
637 2939 661 2986 3.
681 2931 762 3003 πρός]
783 2949 835 2987 om.
856 2933 935 3002 Vat.,
960 2933 1025 2987 add.
1044 2951 1081 2987 m.
1102 2939 1127 2988 2.

148 3012 173 3061 4.
199 3007 258 3079 ἔχῃ]
287 3006 342 3078 ἔχει
359 3024 385 3060 v.
476 3010 514 3059 τῶ
534 3004 615 3076 εἴδει]
640 3020 692 3058 om.
712 3003 740 3057 b.
832 3009 857 3058 ό.
877 3001 967 3058 δοθέν
987 3036 1021 3044 -
1041 3004 1128 3072 ὀρθο-

113 3079 227 3204 ὀίίί]
250 3060 536 3218 τὸιέῗώιλὲλῖιμό]
556 3080 669 3201 manvi
693 3071 844 3199 ἐόἷλσῗό.
857 3073 885 3128 b'
901 3150 943 3200 ιι.
962 3079 1115 3216 ίόοώίῖ

112 3225 162 3273 ΑΒ
182 3239 207 3289 v,
226 3224 306 3273 ABZ
324 3218 351 3274 b.
410 3218 481 3289 ZH]
501 3221 588 3272 ΒΖΗ
603 3235 629 3272 v.
691 3221 732 3269 16.
753 3166 834 3286 λόγος
853 3213 925 3288 ἐστί]
945 3215 1027 3271 om.b.
1085 3222 1128 3272 18.

112 3290 231 3344 ὐλλώ-
247 3296 287 3346 19.
308 3287 418 3360 δοθείς]
438 3306 491 3343 0111.
510 3288 537 3343 b.
613 3293 654 3342 18.
673 3285 704 3340 τό
735 3291 773 3340 ιώ
791 3305 817 3341 v.
890 3287 939 3359 τῷ]
958 3288 1027 3340 ωειλ.
1047 3285 1079 3340 in
1096 3287 1129 3342 τό

112 3342 852 3431 ωΉ.ωΜω-ωωώω
939 3356 1128 3414 amm

149 3429 196 3502 δέ]
216 3431 268 3501 γώρ
289 3432 351 3486 edd.
427 3430 482 3484 ἔστι
500 3428 539 3484 δέ
551 3431 600 3484 καὶ
619 3429 808 3500 ὀρθογώνιον]
829 3428 917 3483 deleo.
996 3433 1038 3482 23.
1060 3431 1128 3501 EA]

112 3501 165 3570 τὴν
184 3508 210 3555 A
216 3506 240 3555 E
257 3501 284 3555 b.
358 3501 410 3571 τὴν
432 3506 478 3556 ΖΑ
496 3501 523 3555 b.
598 3506 640 3555 24.
659 3499 817 3570 ὑπόκειται]
837 3516 890 3554 om.
906 3499 933 3553 b.
