2400 3840
390 135 430 186 111
448 135 618 186 nuocmrs
636 135 741 188 naun.
854 202 856 207 ⁴
1010 136 1073 200 239

134 276 291 340 definiunt
314 276 417 362 igitur
441 276 660 341 ordinatum
683 299 753 342 esse
775 279 818 363 id,
841 280 928 362 quod
952 303 1077 364 semper

62 383 150 447 idem
183 386 249 467 est,
286 385 445 466 quatenus
478 382 697 446 ordinatum
735 405 803 448 esse
837 385 970 471 dicitur,
1008 387 1075 450 siue

61 489 285 574 magnitudine
310 489 379 553 siue
401 488 506 572 specie
531 488 599 552 siue
620 488 685 553 alia
703 488 772 553 eius
792 491 918 574 generis
937 492 1077 577 ratione3
1121 496 1130 501 ''

62 599 119 658 aut
143 594 242 658 aliter
271 594 318 679 id,
347 595 434 678 quod
462 593 542 658 alias
571 594 666 658 aliter
688 594 760 658 fieri
782 616 849 658 non
870 599 993 681 potest,
1020 599 1076 661 sed
1124 674 1126 677 .

61 722 127 763 una
146 700 272 764 ratione
286 700 464 764 terminato
482 700 590 783 aliquo
605 701 687 764 loco.
719 701 819 784 uelut,
837 704 875 763 nt
890 703 1077 767 summatim

61 806 176 890 dicam,
194 811 283 871 recta
300 806 387 870 linea
406 806 503 870 ducta
520 828 578 889 per
597 807 661 870 duo
675 810 797 889 puncta
814 807 879 870 fixa
898 806 1077 872 ordinata

62 934 132 976 esse
164 913 295 996 dieitur,
333 913 418 997 quod
451 912 544 976 aliter
577 917 609 976 et
641 912 865 976 inconstanter
902 913 976 978 duci
1011 934 1078 978 non

60 1022 180 1102 potest.
234 1018 460 1082 inordinata
497 1022 547 1082 est
580 1023 690 1082 autem
722 1018 983 1083 circumferentia
1019 1042 1077 1102 per

62 1125 126 1187 duo
153 1129 276 1207 puncta
304 1125 479 1209 descripta3
511 1124 623 1188 multis
653 1124 740 1188 enim
767 1125 873 1189 modis
906 1130 939 1189 εὴ
968 1126 1076 1190 incon-

62 1234 187 1294 stanter
219 1231 424 1315 describitur,
457 1235 490 1295 et
520 1231 641 1295 maiore
674 1236 707 1295 et
740 1232 864 1295 minore
893 1231 1013 1295 circulo
1041 1232 1076 1295 in

60 1336 226 1401 infinitum
253 1359 311 1422 per
339 1337 402 1401 duo
429 1336 488 1401 illa
513 1342 635 1421 puncta
662 1336 833 1420 descripto,
878 1359 990 1401 rursus
1020 1359 1077 1401 or-

62 1441 196 1506 dinata
226 1447 275 1506 est
303 1442 563 1525 circumferentia
590 1464 648 1524 per
675 1443 739 1506 tria
760 1447 881 1526 puncta
904 1443 1076 1526 descripta.

63 1552 141 1612 sunt
177 1552 286 1612 autem
323 1549 421 1613 etiam
457 1548 537 1613 haec
578 1569 618 1611 ex
659 1547 888 1611 ordinatis:
929 1546 964 1610 in
1001 1548 1077 1610 data

62 1657 153 1718 recta
170 1654 371 1740 triangulum
387 1654 621 1737 aequilaterum
636 1657 838 1737 construere3
856 1675 933 1716 nam
948 1653 1076 1716 etiamsi

64 1760 189 1824 duobus
217 1760 322 1824 modis
344 1761 397 1845 fit,
423 1765 533 1824 tamen
560 1760 596 1823 in
618 1763 789 1841 utramque
815 1763 943 1842 partem
970 1762 1076 1822 rectae

62 1887 129 1929 uno
148 1867 244 1930 modo
264 1871 297 1930 et
309 1866 571 1950 immutabiliter3
596 1870 629 1930 et
648 1866 756 1929 datam
775 1869 897 1929 rectam
914 1863 950 1928 in
968 1864 1077 1928 datam

62 1971 308 2055 proportionem
341 1994 462 2056 secare3
499 1995 564 2036 uno
597 1972 684 2036 enim
716 1972 812 2035 modo
848 1971 911 2034 hoc
949 1992 1076 2053 quoque

62 2077 134 2140 fieri
162 2081 272 2161 potest
303 2077 338 2141 in
370 2078 506 2142 alteram
534 2081 641 2141 utram
669 2082 795 2160 partem
825 2077 939 2160 puncti
970 2075 1076 2140 medii.

62 2182 290 2248 inordinata
312 2188 389 2248 sunt
413 2188 522 2248 autem
545 2205 595 2268 ea,
625 2205 705 2266 quae
728 2181 794 2246 illis
819 2181 969 2266 opposita
992 2187 1077 2266 sunt,

63 2289 155 2352 uelut
170 2289 334 2353 scalenum
353 2289 554 2374 triangulum
569 2293 756 2352 construere
775 2290 808 2350 et
822 2292 944 2351 rectam
958 2287 1077 2351 lineam

63 2393 229 2458 indefinite
253 2416 370 2460 secare.
416 2393 596 2458 definitioni
625 2399 735 2458 autem
758 2393 902 2457 additum
926 2398 975 2458 est
998 2393 1078 2457 illud

65 2499 235 2582 ‘quatenus
273 2499 492 2564 ordinatum
529 2500 609 2585 est',
649 2498 803 2582 quoniam
843 2522 943 2564 unum
981 2504 1077 2581 atque

63 2605 151 2669 idem
179 2605 243 2670 alia
270 2628 309 2670 cx
336 2610 428 2690 parte
455 2609 566 2690 potest
591 2627 661 2670 csse
686 2604 920 2691 ordinatum,
948 2604 1012 2669 alia
1039 2626 1078 2668 ex

63 2716 156 2795 parte
192 2712 472 2796 inordinatum,
502 2711 599 2774 -uelut
635 2711 818 2803 triangulus
852 2710 1078 2794 aequilaterus,

64 2822 224 2900 quatenus
248 2818 464 2901 aequilaterus
488 2819 552 2901 est,
580 2815 746 2879 ordinatus
770 2820 832 2900 est,
856 2812 1078 2899 magnitudine

64 2926 175 2986 autem
197 2944 264 2985 non
288 2922 439 2986 definitus
462 2925 513 2985 est
536 2920 650 2984 omnis.

132 3032 265 3092 notum
289 3031 399 3092 autem
421 3027 456 3090 id
479 3029 543 3110 est,
562 3024 658 3109 ¹quod
683 3025 891 3110 cognoscitur
913 3029 1078 3107 tamquam

65 3132 273 3216 perspicuum
290 3134 386 3197 nobis
406 3137 438 3197 et
456 3136 565 3197 mente
585 3130 878 3215 comprehenditur,
900 3131 1079 3214 ignotum

66 3243 190 3324 autem,
223 3238 310 3321 quod
343 3261 361 3301 a
388 3237 484 3301 nobis
511 3259 579 3300 non
608 3235 816 3322 cognoscitur
841 3255 945 3317 neque
972 3236 1080 3296 mente

67 3343 367 3429 comprehenditur3
385 3343 475 3407 uelut
493 3342 664 3427 longitudo
684 3341 756 3405 uiae
775 3344 854 3404 nota
869 3361 938 3403 esse
954 3338 1080 3422 dicitur,

66 3451 168 3537 sicut,
197 3454 278 3536 quot
303 3449 482 3516 stadiorum
507 3449 563 3534 sit,
592 3447 800 3534 deprehendi3
830 3447 910 3511 item
935 3445 1081 3531 angulos,
