2400 3840
116 217 178 280 182
517 219 721 271 ΔΕΔΟΜΕΝΔ.

114 362 229 426 εὐθεῖα
252 363 347 446 ἤχθω
370 361 390 444 ἡ
414 365 482 426 ΒΓ
504 361 783 447 ἀπολαμβάνουσα
811 371 919 447 τμῆμα
946 364 1126 447 δεχόμενον

115 471 240 550 γωνίαν
264 470 425 533 δοθεῖσαν
447 471 507 552 τὴν
530 469 595 534 ὑπὸ
618 472 725 553 ΒΑΓ,
749 467 804 534 καὶ
822 471 995 554 τετμήσθω
1018 468 1039 552 ἡ
1058 469 1126 533 ὑπὸ

114 578 215 639 ΒΑΓ
233 577 338 656 γωνία
361 576 437 658 δίχα
455 585 494 661 τῇ
513 581 578 640 AA
601 576 729 664 εὐθείᾳ·
753 573 847 660 λέγω,
872 576 922 641 ὅτι
941 579 1038 658 λόγος
1056 574 1128 641 ἐστὶ

116 680 369 768 συναμφοτέρου
401 691 459 766 τῆς
490 686 591 747 ΒΑΓ
618 684 700 767 πρὸς
722 685 782 766 τὴν
810 689 876 747 AA
909 685 1036 765 δοθείς,
1070 680 1127 747 καὶ

81 788 166 852 δὸτι
194 787 299 853 δοθέν
327 788 395 853 ἐστι
422 790 459 853 τὸ
487 788 553 853 ὑπὸ
581 787 833 874 συναμφοτέρου
861 798 919 872 τῆς
946 792 1047 854 ΒΑΓ
1070 787 1127 853 καὶ

115 904 173 978 τῆς
195 900 266 960 EA.

183 1001 365 1084 ἐπεζεύχθω
389 1000 409 1084 ἡ
433 991 504 1067 ΒΛ.
550 1001 604 1067 καὶ
634 1001 701 1067 ἐπεὶ
729 1005 776 1079 είς
798 1004 921 1067 κύκλον
945 1000 1127 1096 δεδομένον

116 1116 161 1194 τῷ
194 1106 326 1191 μεγέθει
358 1108 417 1172 τὸν
449 1111 553 1172 AAF
578 1109 715 1192 &Amat
747 1110 862 1174 εὐθεῖα
897 1108 918 1192 ἡ
946 1112 1014 1172 ΒΓ
1046 1107 1127 1172 αἰπο-

117 1213 330 1296 λαμβάνουσα
353 1222 461 1298 τμῆμα
484 1215 521 1279 τὸ
545 1217 645 1279 ΒΑΓ
664 1216 841 1300 δεχόμενον
864 1217 991 1297 γωνίαν
1015 1215 1128 1279 δοθεῖ-

66 1337 98 1386 10
118 1335 180 1382 σαν
203 1320 264 1401 τὴν
285 1318 351 1383 ὑπὸ
374 1330 441 1384 τῶν
459 1323 565 1404 ΒΑΓ,
590 1323 729 1386 δοθεῖσα
752 1324 816 1408 ἄρα
840 1319 930 1386 ἐστὶν
953 1322 973 1405 ἡ
995 1319 1063 1386 ΒΓ
1081 1332 1128 1410 τῷ

117 1424 259 1509 μεγέθει.
306 1427 424 1510 διολτά
447 1427 531 1492 αὐτὰ
554 1428 594 1511 δὴ
613 1426 668 1492 καὶ
691 1427 711 1510 ἡ
736 1433 799 1493 BA
826 1428 965 1492 δοθεῖσα
989 1428 1057 1493 ἐστι
1081 1437 1128 1516 τῷ

118 1530 263 1616 μεγέθει·
287 1536 385 1616 λόγος
403 1535 467 1619 ἄρα
491 1532 559 1599 ἐστὶ
576 1544 634 1618 τῆς
652 1537 720 1599 ΒΓ
739 1537 821 1620 πρὸς
839 1537 900 1618 τὴν
918 1539 981 1599 BA
1004 1536 1104 1599 δοθεί
1121 1585 1128 1600 .

118 1637 173 1703 καὶ
206 1638 275 1705 ἐπεὶ
302 1640 322 1724 ἡ
349 1640 414 1706 ὑπὸ
442 1651 510 1705 τῶν
537 1644 637 1705 ΒΑΓ
664 1644 769 1724 γωνία
801 1642 877 1725 δίχα
905 1639 1058 1725 τέτμηται
1088 1651 1128 1726 τῇ

118 1752 184 1810 AA
207 1747 333 1834 εὐθείᾳ,
356 1751 447 1813 ἔστιν
469 1750 533 1832 όίρα
557 1747 602 1824 ὡς
619 1747 639 1830 ἡ
659 1752 721 1812 ΒΑ
744 1747 826 1833 πρὸς
843 1750 905 1831 τὴν
923 1751 998 1830 ΑΓ,
1022 1748 1129 1824 οὕτως

67 1851 139 1935 1σὴ
163 1857 228 1917 ΒΕ
253 1856 335 1940 πρὸς
361 1856 423 1937 τὴν
450 1856 530 1918 ΕΓ*
568 1853 706 1932 ἐναλλὰξ
739 1856 803 1940 όίρα
831 1854 876 1930 ὡς
903 1853 923 1936 ἡ
951 1859 1017 1919 ΑΒ
1045 1857 1130 1940 πρὸς

120 1963 202 2042 ΒΕ,
244 1960 349 2035 οὕτως
385 1959 405 2042 ἡ
442 1963 518 2024 ΑΓ
553 1961 635 2049 πρὸς
673 1961 735 2044 τὴν
771 1962 852 2024 ΓΕ·
891 1959 947 2024 καὶ
983 1961 1028 2037 ὡς
1065 1963 1130 2046 ἄρα

120 2070 369 2152 συναμφότερος
400 2065 420 2149 ἡ
448 2069 548 2131 ΒΑΓ
574 2053 657 2152 πρὸς
679 2060 740 2150 τὴν
767 2069 843 2150 ΒΓ,
877 2067 982 2144 ούτως
1013 2067 1034 2150 ἡ
1063 2071 1136 2132 ΑΓ

119 2174 202 2257 πρὸς
228 2175 289 2256 τὴν
313 2176 383 2238 ΓΕ.
429 2171 484 2237 παλ
512 2172 584 2238 ἐπεί
610 2171 699 2238 ἐστιν
727 2179 781 2256 ίσιχ
809 2172 829 2256 ἡ
852 2172 917 2238 ὑπὸ
941 2184 1009 2239 τῶν
1032 2178 1131 2238 ΒΑΕ

120 2284 224 2363 γωνία
247 2290 286 2364 τῇ
308 2280 373 2345 ὑπὸ
397 2290 464 2344 τῶν
482 2285 545 2343 ΕΑ
551 2282 587 2363 Γ,
611 2283 679 2344 ἔστι
698 2276 735 2344 δὲ
753 2278 808 2344 καὶ
826 2280 846 2363 ἡ
864 2280 929 2345 ὑπὸ
948 2291 1016 2345 τῶν
1029 2287 1062 2345 A
1069 2284 1132 2345 FB

67 2401 101 2449 20
119 2395 159 2470 τῇ
185 2387 251 2450 ὑπὸ
272 2397 345 2473 τῶν
368 2390 466 2450 BAE
493 2391 561 2469 ἴση,
594 2388 691 2469 λοιπὴ
716 2387 779 2470 ἄρα
806 2384 826 2468 ἡ
849 2384 915 2450 ὑπὸ
938 2396 1006 2451 τῶν
1028 2389 1135 2450 ΑΕΓ

120 2497 218 2577 λοιπῇ
250 2502 289 2576 τῇ
316 2491 381 2556 ὑπὸ
410 2503 477 2557 τῶν
500 2495 600 2556 ΑΒΔ
628 2491 718 2557 ἐστιν
746 2498 809 2574 ίση.
861 2492 1038 2574 ἰσογώνιον
1066 2493 1131 2576 ίίρα

121 2595 189 2662 ἐστὶ
212 2600 249 2663 τὸ
268 2602 373 2663 ΑΕΓ
390 2601 555 2683 τρίγωνον
577 2607 623 2686 τῷ
639 2603 742 2663 ἈΒΔ
765 2599 930 2686 τριγώνῳ·
957 2601 1047 2663 ἔστιν
1065 2599 1131 2682 όίρα

121 2704 166 2780 ὡς
188 2704 208 2788 ἡ
231 2707 302 2769 ΑΓ
319 2705 401 2790 πρὸς
424 2705 485 2789 τὴν
509 2707 584 2787 ΓΕ,
609 2704 714 2782 οὕτως
736 2704 756 2788 ἡ
780 2709 846 2769 AA
867 2705 951 2789 πρὸς
973 2704 1035 2787 τὴν
1058 2707 1130 2767 BA.

81 2853 84 2858 ·
122 2810 194 2876 ἀλλ’
216 2812 260 2888 ὡς
283 2812 303 2896 ἡ
326 2815 397 2877 AF
413 2812 496 2896 πρὸς
518 2812 580 2895 τὴν
604 2814 679 2894 ΓΕ,
710 2811 815 2886 ούτως
838 2812 1088 2895 συναμφότερος
1110 2809 1131 2892 ἡ

70 2933 104 2982 25
123 2924 194 3002 BA,
213 2921 284 2984 AF
300 2920 388 3004 7πρὸς
410 2920 472 3003 τὴν
495 2921 574 2983 BF·
608 2921 699 2982 ἔστιν
722 2919 786 3003 όίρα
814 2917 858 2992 ὡς
882 2917 1133 3001 συναμφότερος

122 3026 142 3110 ἡ
166 3031 238 3109 BA,
257 3028 327 3090 AF
344 3026 426 3111 πρὸς
448 3026 510 3109 τὴν
528 3027 600 3108 ΒΓ,
624 3024 729 3100 ούτως
747 3022 767 3106 ἡ
787 3028 852 3087 AA
874 3023 957 3108 πρὸς
974 3023 1035 3106 τὴν
1054 3025 1131 3085 AB·

123 3131 259 3210 ἐναλλὰξ
280 3133 325 3209 ὡς
343 3134 592 3216 συναμφότερος
610 3129 630 3214 ἡ
646 3133 746 3195 ΒΑΓ
757 3131 840 3213 πρὸς
853 3130 914 3213 τὴν
928 3133 1003 3212 AA,
1027 3128 1133 3204 ούτως

123 3241 143 3325 ἡ
167 3244 234 3305 ΒΓ
251 3240 334 3324 πρὸς
355 3240 417 3321 τὴν
440 3242 514 3301 BA·
538 3241 635 3320 λόγος
659 3233 695 3301 δὲ
717 3245 775 3320 τῆς
797 3239 865 3300 ΒΓ
882 3235 966 3320 πρὸς
988 3235 1049 3318 τὴν
1068 3239 1130 3298 BA

194 3439 217 3486 1.
238 3433 337 3486 εὐθεῖα
352 3430 463 3499 γραμμή
478 3447 502 3484 a.
559 3435 583 3484 2.
602 3437 651 3500 τῆς
665 3432 743 3482 ΒΑΓ
758 3444 783 3496 a,
802 3426 872 3481 item
885 3425 933 3482 lin.
945 3431 969 3482 3.
1025 3431 1049 3481 6.
1065 3425 1120 3480 θπό

123 3502 180 3556 ἀπό
200 3520 225 3557 a.
298 3503 395 3573 ΒΑΓ]
414 3507 436 3554 A
444 3506 470 3555 Γ
484 3518 510 3556 a.
593 3509 617 3557 6.
638 3503 689 3555 ΕΒ
708 3516 734 3554 a.
815 3503 838 3552 7.
858 3497 1016 3569 ἐπεζεύχθω
1034 3497 1052 3567 ἡ
1072 3502 1121 3552 ΒΔ

123 3589 175 3628 om,
196 3590 221 3627 ε,
287 3573 336 3627 καὶ
355 3570 431 3644 ἐπεί]
452 3572 512 3627 ἐπεὶ
531 3571 583 3642 γάρ
603 3589 628 3626 a.
674 3575 717 3625 ·8.
736 3568 798 3640 τόν]
818 3585 886 3624 corr.
902 3584 937 3623 ex
953 3578 1009 3624 τῶν
1027 3573 1091 3624 m.2
1106 3585 1133 3623 v.
