2400 3840
520 173 625 226 DATA.
1016 175 1080 239 123

135 313 178 378 sit
201 312 385 400 triangulus
404 317 510 379 ΑΒΓ
527 315 639 378 datum
662 316 785 381 habens
808 319 964 402 angulum
988 320 1028 384 ad
1047 327 1080 385 A

64 419 219 504 positum.
285 420 374 505 dicu,
414 420 639 504 reatangulum
676 423 944 506 comprehensum
979 427 1077 490 rectis

146 589 150 594 ,
453 529 528 607 ΒΑ,
556 530 627 591 ΑΓ
654 528 694 592 ad
727 528 761 595 A
781 533 888 594 ΑΒΓ
918 530 1079 595 rationem

251 640 284 696 Β
452 631 572 696 habere
595 634 713 697 datam.

502 738 638 803 dueatur
662 739 748 803 enim
768 762 786 804 a
805 743 833 803 Β
859 741 899 804 ad
919 744 990 804 AF
1007 763 1078 824 per-

123 905 131 918 ,
194 852 216 1076 A
308 851 320 910 l
453 843 671 925 pendicularis
698 849 775 909 BA.
829 845 895 910 iam
923 846 1078 930 quoniam

281 1037 359 1073 ’Δ
454 948 547 1013 datus
563 955 614 1014 est
633 954 765 1025 [ΒΑΓ
778 956 819 1016 et
828 953 927 1017 etiam
946 957 1076 1028 [ΑΔΒ

75 1065 106 1122 Α
258 1088 288 1144 Δ
360 1063 397 1115 Γ
454 1053 558 1139 datus,
572 1054 671 1120 etiam
681 1057 824 1141 reliquus
840 1062 972 1133 [ΑΒΔ
982 1059 1076 1123 datus

453 1159 516 1224 erit
536 1159 573 1244 [I,
588 1163 645 1248 323
663 1185 777 1248 propp.
791 1162 847 1250 HI,
860 1162 930 1248 IV]
967 1165 1076 1248 itaque

63 1260 100 1328 Δ
119 1264 220 1325 ΑΒΛ
248 1262 342 1326 datus
371 1269 421 1328 est
455 1266 559 1349 speeie
589 1267 698 1351 [prop.
722 1268 804 1353 XL}
860 1292 958 1354 quare
991 1271 1075 1335 ratio

63 1370 133 1431 ΑΒ
149 1371 235 1431 :BA
258 1368 334 1432 data
357 1374 407 1433 est
431 1371 505 1455 [def.
525 1372 569 1456 3].
615 1396 729 1438 uerum

159 1476 986 1564 ABtBA=BA><AFzBA><AF[Vl,1].

62 1577 174 1661 itaque
197 1579 282 1643 ratio
305 1584 368 1644 BA
382 1598 424 1649 ><
440 1586 526 1648 AF:
540 1587 604 1648 BA
618 1600 661 1652 ><
676 1588 747 1649 AF
764 1586 840 1649 data
863 1589 912 1649 est
936 1585 1011 1670 [def.
1032 1584 1076 1669 2].

63 1684 121 1748 sed
143 1685 229 1750 ratio
253 1691 286 1750 A
292 1690 375 1755 F><
390 1693 453 1752 BA
468 1713 475 1752 :
491 1693 522 1756 A
535 1694 640 1755 ΑΒΓ
658 1692 733 1755 data
754 1695 804 1756 est
828 1690 865 1775 [L
883 1691 952 1774 41].
997 1711 1074 1775 ergo

62 1789 163 1854 etiam
185 1792 270 1855 ratio
289 1796 352 1857 BA
366 1809 409 1861 ><
423 1799 509 1859 AF:
524 1795 558 1864 Δ
570 1799 676 1860 ΑΒΓ
691 1797 768 1860 data
786 1801 835 1860 est
854 1797 959 1880 [prop.
973 1795 1075 1880 VIII}

501 1989 633 2054 LXVII.

132 2110 167 2176 si
190 2112 374 2198 triangulus
398 2114 511 2178 datum
528 2114 628 2178 habet
647 2114 812 2199 angulum,
835 2115 986 2199 spatium,
1010 2136 1073 2197 quo

63 2218 257 2301 quadratum
272 2242 417 2284 summae
431 2221 571 2284 laterum
581 2222 693 2285 datum
703 2221 858 2305 angulum
868 2220 1075 2304 eomprehen-

63 2323 210 2388 dentium
237 2325 342 2389 maius
368 2330 419 2390 est
447 2327 606 2409 quadratu
639 2327 770 2412 reliqui,
801 2328 840 2391 ad
873 2327 1074 2413 triangulum

63 2430 224 2494 rationem
246 2431 381 2495 habebit
404 2432 523 2497 datam.

130 2536 174 2600 sit
197 2537 380 2622 triangulus
400 2542 505 2602 ABF
522 2539 634 2604 datum
652 2540 775 2605 habens
796 2541 951 2625 angulum
970 2543 1073 2604 ΒΑΓ

63 2642 151 2727 dieo,
179 2643 335 2728 spatium,
363 2665 427 2726 quo
452 2645 645 2728 quadratum
670 2668 816 2711 summae
840 2647 979 2710 laterum
1002 2649 1074 2730 BA,

62 2750 134 2812 AF
152 2748 255 2812 maius
275 2753 325 2812 est
345 2750 502 2833 quadrato
521 2750 633 2814 lateris
647 2754 719 2836 BF,
742 2752 782 2815 ad
805 2751 839 2819 Δ
855 2755 961 2817 ΑΒΓ
977 2752 1074 2817 ratio-

61 2875 137 2917 nem
159 2853 278 2918 habere
302 2855 420 2919 datam.

128 2961 326 3043 producatur
349 2961 435 3025 enim
453 2961 489 3024 in
511 2960 671 3025 directum
694 2965 773 3043 AB,
796 2965 834 3024 ut
856 2963 915 3025 fiat
938 2968 1017 3044 AA,
1041 2967 1074 3027 et

59 3070 202 3150 ponatur
220 3072 286 3131 AA
304 3098 342 3118 =
358 3069 432 3151 AF,
455 3069 488 3129 et
506 3067 603 3130 ducta
622 3069 693 3130 AF
709 3066 907 3149 producatur
925 3067 965 3130 ad
983 3072 1021 3151 E,
1041 3071 1074 3131 et

60 3174 199 3237 dueatur
221 3194 279 3256 per
301 3176 329 3236 Β
353 3176 459 3236 rectae
483 3175 554 3236 AF
570 3172 726 3255 parallela
748 3175 820 3236 BE.
863 3176 895 3235 et
918 3173 1072 3254 quoniam

98 3369 121 3418 8.
142 3362 215 3435 ἐστὶ]
236 3382 325 3419 omv.
348 3369 351 3375 '
398 3365 549 3434 πρός-ρ.
562 3370 622 3433 126,
633 3374 656 3419 9.
678 3363 844 3436 δεδομένον]
864 3381 917 3417 um.
937 3363 964 3418 b.
1029 3371 1070 3420 10.

60 3436 261 3559 rergtBAP
275 3437 304 3490 P.
378 3441 420 3489 21.
439 3435 506 3506 τῶν]
527 3452 579 3489 um.
600 3453 624 3489 v.
699 3441 741 3489 26.
760 3435 885 3508 τῇΑΓ]
905 3451 989 3504 supra
1006 3436 1070 3492 add.
