2400 3840
107 157 173 221 274
534 156 699 215 scflom.

107 325 178 366 νων
200 301 288 386 πρὸς,
305 300 342 364 ἓν
365 309 432 364 τῶν
456 295 634 383 ἑπομένων,
657 295 829 363 τουτέστιν
852 297 897 374 ὡς
919 297 939 381 ή
960 301 1021 363 ΓΛ
1045 298 1128 382 πρὸς

109 415 142 472 Δ
147 412 187 491 Β,
210 407 317 482 οὕτως
340 407 469 470 ἅπαντα
492 406 533 469 τά
556 404 724 489 ἡγούμενα
741 406 825 489 πρὸς
844 405 974 470 ἅπαντα
992 405 1034 468 τὰ
1053 402 1126 468 ἐνιό-

107 536 204 597 μενα,
227 510 247 593 ή
272 516 304 575 A
311 513 343 575 Γ
360 512 443 597 πρὸς
465 515 539 575 ΕΒ.

176 637 228 701 55.
266 639 372 699 Τοῦτο
400 634 437 699 τὸ
461 637 597 717 σχόλιον
624 644 684 699 τοῦ
708 633 756 699 ια’
778 636 1008 719 θεωρήματος,
1042 634 1126 699 ὅτου

40 743 245 826 ςεσήμεῐόν
278 739 347 805 ἐστι
379 741 455 805 τόδε
482 739 527 806 Θ.
583 742 691 826 ὥσπερ
724 739 863 824 λέγομεν
889 740 929 804 τά
956 726 989 805 θ
1010 752 1079 804 τῶν
1105 725 1126 803 δ

107 851 240 931 μείζονα
258 845 279 929 ή
299 847 456 911 διπλάσια
474 847 606 931 μονάδι,
630 847 718 912 οὕτω
737 844 875 930 λέγομεν
893 843 949 910 καὶ
963 847 1001 911 τὸ
1015 849 1126 929 μεῖζον

108 953 128 1036 ή
152 952 189 1018 ἐν
212 956 300 1040 λόγῳ
325 951 475 1018 δοθέντι·
500 946 573 1018 οἷον
596 962 656 1017 τοῦ
678 958 746 1019 ΔΒ
769 953 853 1039 πρὸς
875 954 913 1017 τὸ
936 955 1005 1017 ΒΓ
1024 954 1126 1034 λόγον

108 1062 242 1143 ἔχοντος
265 1058 460 1145 δεδομένον,
490 1059 548 1126 ἐάν
570 1055 591 1146 ᾖ
614 1061 652 1126 τὸ
675 1064 746 1123 ΑΛ
774 1057 971 1143 δεδομένον,
998 1059 1036 1123 τὸ
1060 1063 1129 1123 ΑΒ*

106 1167 190 1250 πρὸς
216 1167 254 1230 τὸ
282 1168 350 1230 ΒΓ
377 1170 487 1251 μεῖζόν
519 1166 609 1231 ἐστιν
636 1164 656 1249 ή
685 1165 729 1241 ένΙ
749 1169 849 1253 λόγῳ·
882 1174 942 1230 τοῦ
970 1166 1034 1251 γάρ
1059 1168 1126 1228 ΔΒ

56 1288 89 1335 10
107 1272 191 1355 πρὸς
218 1271 255 1334 τὸ
283 1273 352 1334 ΒΓ
380 1273 480 1353 λόγον
512 1274 645 1354 ἔχοντος
673 1269 852 1357 δεδομένον
883 1269 939 1336 καὶ
965 1279 1026 1335 τοῦ
1055 1276 1126 1335 ΑΛ

107 1375 289 1460 δεδομένον
316 1375 538 1463 ὑπάρχοντος,
571 1376 751 1462 δεδομένον
781 1377 835 1442 καὶ
863 1378 966 1463 ῥητὸν
998 1376 1040 1442 δν
1069 1373 1125 1441 καὶ

107 1482 241 1565 άλογον,
266 1482 327 1546 οὐκ
350 1483 415 1568 άρα
438 1483 493 1547 καὶ
517 1484 596 1548 ὅλον
619 1485 656 1548 τὸ
681 1488 746 1548 ΑΒ
769 1485 853 1568 πρὸς
875 1483 913 1548 τὸ
936 1485 1005 1547 ΒΓ
1023 1485 1129 1565 λόγον

107 1591 187 1671 ἔχει·
212 1589 262 1654 ὅτι
285 1591 348 1674 γάρ
373 1591 497 1672 άλογόν
520 1576 589 1654 έστι
612 1591 649 1655 τὸ
672 1596 750 1674 ΑΛ,
773 1590 814 1655 οὐ
838 1590 977 1654 δύναται
1001 1591 1039 1654 τὸ
1059 1592 1127 1654 ΑΒ

107 1697 190 1779 πρὸς
213 1697 250 1760 τὸ
271 1698 339 1760 ΒΓ
358 1699 459 1779 λόγον
482 1699 578 1780 ἔχειν.
616 1697 669 1762 διὸ
692 1699 803 1781 μεῖζόν
826 1695 893 1761 ἐστι
917 1696 955 1760 τὸ
975 1698 1042 1759 ΑΒ
1065 1704 1128 1760 τοῦ

53 1816 87 1863 15
106 1804 173 1864 ΛΒ
196 1809 256 1865 τοῦ
275 1803 377 1883 λόγον
396 1805 530 1885 ἔχοντος
550 1804 633 1887 πρὸς
651 1803 688 1867 τὸ
708 1805 776 1866 ΒΓ
794 1800 974 1886 δεδομένον
992 1810 1039 1889 τῷ
1059 1807 1128 1866 ΑΔ

106 1904 283 1994 δεδομένῳ.
339 1906 461 1991 ὁμοίως
489 1904 525 1972 δὲ
553 1905 608 1972 καὶ
637 1908 681 1984 ὡς
708 1909 748 1972 τά
777 1911 793 1986 ξ
820 1918 888 1972 τῶν
915 1893 937 1971 δ
962 1906 1129 1972 ἐλάσσονα

106 2011 244 2097 λέγομεν
262 2012 282 2096 ή
302 2014 460 2078 διπλάσιοι
477 2014 609 2099 μονάδι,
633 2015 720 2079 οὕτω
741 2012 879 2098 λέγομεν
898 2011 1010 2078 καὶτὸ
1030 2016 1128 2078 έλασ·

106 2135 168 2183 σον
192 2118 212 2201 ή
237 2119 273 2184 έν
297 2122 384 2206 λόγῳ
409 2118 555 2195 δοθέντι.

173 2244 225 2308 56.
249 2241 284 2307 Ὁ
303 2243 402 2319 αὐτὸς
416 2244 505 2331 αὐτῷ
520 2241 682 2325 γεγονέτω
696 2267 726 2327 p.
740 2245 791 2327 92,
806 2244 864 2306 6-
874 2242 908 2326 7]
929 2245 1065 2326 σχόλιον
1079 2245 1129 2319 εἰς

53 2375 143 2439 τοτὸ
172 2373 219 2438 ια’
242 2375 401 2459 θεώρημα
438 2352 492 2493 (212).
539 2374 643 2464 ἐντῷ
668 2374 714 2440 ια’
735 2377 927 2460 θεωρήματι
951 2376 1065 2458 λαβὼν
1087 2366 1127 2440 τδ

178 2613 219 2662 55.
239 2608 515 2677 PlVat.vAmbr.pc
535 2609 675 2679 (Plvm
699 2611 736 2665 ad
760 2610 844 2664 finem
862 2610 928 2665 libri
951 2612 1017 2680 post
1036 2611 1126 2666 schol.

105 2697 146 2732 nr.
165 2683 218 2749 45).
310 2685 352 2734 56.
376 2679 528 2748 ΡΝοδρο
552 2681 600 2749 (οδ
623 2681 797 2735 Βοεω115τὶ
819 2685 885 2751 post
903 2681 989 2736 schol.
1009 2699 1051 2735 nr.
1070 2685 1125 2751 46).

120 2811 321 2818 —n—

178 2899 201 2947 1.
221 2894 302 2966 πρός]
322 2895 359 2956 ὡς
377 2893 395 2948 l.
460 2900 484 2949 4.
503 2901 586 2949 τοῦτο
606 2914 638 2933 ·-
659 2895 747 2977 QG]
768 2911 820 2949 om.
840 2893 935 2948 Ambr.
995 2898 1020 2948 4.
1040 2901 1127 2948 τοῦτο

105 2982 149 3052 τό]
170 2998 223 3035 om.
235 2983 300 3036 Vat.
363 2988 388 3036 5.
409 2982 476 3054 ἐστι]
496 2998 549 3035 om.
565 2982 630 3038 Vat.
691 2984 726 3054 θ]
746 2982 872 3053 qubr.
926 2983 994 3054 τῶν]
1013 2981 1064 3037 τόν
1078 2982 1126 3037 Pl.

142 3059 207 3160 τῇ]
227 3071 322 3125 Ambr.
416 3076 439 3123 6.
463 3069 494 3159 ἡ]
518 3087 571 3124 om.
591 3070 713 3141 PlVat„
744 3071 813 3128 εἰσιν
832 3070 851 3138 ή
869 3069 978 3139 Ambr.,
1006 3064 1080 3140 ἦσαν
1101 3091 1126 3139 ρ.

142 3142 225 3212 οντω]
245 3141 327 3204 ὄντος
345 3162 369 3210 ρ.
459 3144 581 3210 λεγομεν
600 3161 624 3209 ρ.
715 3147 802 3196 8.10.
828 3138 994 3212 δεδομένον]
1017 3141 1126 3211 Ambr.,

106 3227 152 3264 om
171 3214 236 3266 cett.
320 3218 361 3266 11.
382 3209 590 3280 δεδομένον-
610 3217 652 3265 13.
673 3211 740 3284 ἔχει]
761 3229 813 3266 om.
833 3212 928 3266 Ambr.
949 3210 1002 3266 lac.
1022 3211 1127 3266 relicta

105 3283 135 3335 eh
153 3283 217 3337 add.
237 3281 333 3337 λείπει.
413 3287 454 3337 11.
474 3279 523 3337 καί
538 3283 611 3353 (pr.)]
631 3298 684 3337 om.
705 3286 729 3352 ρ’.
808 3288 849 3337 13.
870 3282 943 3354 ἔχειν
962 3282 1071 3337 PlVat.
1102 3300 1126 3338 c.

141 3359 183 3409 16.
203 3351 316 3477 ὁμοίωρ]
333 3385 363 3394 -—
381 3358 422 3407 18.
443 3351 571 3424 δοθέντι]
591 3369 643 3408 om.
663 3353 859 3409 Vat.Ambr.c.
928 3360 969 3407 16.
989 3350 1038 3424 τά]
1057 3303 1094 3407 τά
1105 3354 1125 3408 1.

139 3425 207 3548 ἑήν]
225 3423 275 3564 τήν
289 3424 338 3565 etl.
415 3429 455 3478 19.
476 3423 586 3494 σχόλιον
604 3432 655 3479 τοῦ
675 3431 706 3480 Γα
723 3425 907 3494 θεωρήματος
924 3425 1000 3494 νοτ,
1024 3441 1079 3480 om.
1101 3441 1126 3479 ο.

174 3534 184 3552 ,.
203 3513 232 3553 ια
278 3514 289 3546 ι
339 3511 362 3548 ο.
