2400 3840
548 166 652 218 DATA.
1066 163 1105 225 ll

92 311 286 398 magnitudo
311 314 371 375 ΓΒ
396 310 471 396 [def.
494 313 534 392 1].
581 307 724 393 aequalis
752 307 838 372 onim
865 308 894 372 ei
919 311 1106 392 comparata

91 423 145 484 ost
169 417 361 504 magnitudo
384 422 456 482 ΕΖ.

584 537 623 603 V.

162 664 197 730 Si
219 662 412 750 magnitudo
435 663 476 727 ad
499 660 641 746 aliquam
664 660 839 746 suiipsius
862 665 990 745 partem
1008 661 1107 727 ratio-

90 794 169 837 nem
187 769 287 835 habat
305 768 424 854 datam,
445 767 546 833 atiam
564 767 604 832 ad
622 767 781 852 reliquam
798 772 927 852 partem
945 767 1106 833 rationem

90 876 229 943 habebit
253 877 370 941 datam

160 982 352 1068 magnitudo
371 981 457 1046 enim
471 985 536 1046 AB
561 982 601 1046 ad
624 981 767 1066 aliquam
786 981 836 1047 sui
854 980 957 1066 ipsius
976 984 1104 1066 partem

88 1097 126 1157 A
132 1094 165 1155 Γ
182 1089 344 1155 rationem
365 1087 485 1152 habeat
507 1089 625 1153 datam.
663 1088 744 1173 dioo,
767 1102 839 1153 eam
858 1087 956 1153 etiam
975 1088 1016 1152 ad
1032 1087 1105 1153 reli-

89 1219 192 1284 quam
215 1199 342 1282 partem
364 1197 432 1259 ΒΓ
449 1194 611 1260 rationem
636 1194 756 1261 habere
781 1195 836 1260 dat
822 1199 900 1260 tam.

159 1325 237 1367 nam
267 1306 409 1386 ponatur
440 1301 495 1366 dat
480 1305 516 1366 ta
547 1301 737 1388 magnitudo
764 1308 798 1366 A
805 1306 906 1367 Z
889 1302 1105 1386 atquoniam

89 1409 179 1475 ratio
203 1414 292 1473 BA:
307 1410 378 1472 ΑΓ
400 1407 476 1472 data
441 1411 561 1493 test
593 1408 766 1473 eadamt
732 1414 830 1494 atque
856 1408 914 1473 illa
937 1410 1070 1474 fiatt
1018 1415 1070 1474 rat
1072 1410 1104 1475 io

654 1519 741 1579 ZA:
755 1520 831 1580 AE.
882 1514 993 1599 itaquo
1020 1515 1105 1581 ratio

431 1586 599 1690 -i--aB
654 1626 736 1685 ZA:
746 1620 1051 1705 AEdataost[def.
1061 1621 1106 1705 2}

366 1745 390 1796 Ε
464 1746 485 1795 Ζ
653 1749 767 1791 uerum
808 1726 999 1812 magnitudo
1041 1732 1107 1792 ΖΔ

100 1813 471 1853 1—-÷-÷
654 1833 730 1897 data
763 1837 821 1897 ost.
877 1855 975 1918 quaro
1007 1833 1108 1900 etiam

90 1942 286 2029 magnitudo
301 1946 374 2006 An
394 1941 470 2005 data
488 1943 538 2004 ast
557 1937 660 2024 [prop.
675 1938 732 2024 11].
769 1939 879 2023 itaque
898 1939 1024 2024 reliqua
1042 1944 1106 2005 ΕΖ

89 2049 169 2114 data
186 2052 238 2112 ent
256 2046 361 2132 [prop
375 2045 446 2131 IV].
484 2068 597 2110 uorum
616 2045 715 2110 etiam
733 2049 860 2132 magnit
836 2044 924 2110 'tudo
943 2050 1010 2110 AZ
1029 2047 1106 2112 data

88 2160 160 2220 ost.
179 2174 278 2238 quaro
292 2152 377 2218 ratio
390 2158 424 2217 A
430 2156 474 2216 Z
486 2156 551 2216 ΖΕ
562 2152 638 2217 data
653 2156 703 2216 est
717 2151 821 2272 [prop.
833 2151 936 2236 I.]et
903 2152 1106 2237 equoniam

89 2265 181 2326 Az.
195 2265 265 2325 ΛΕ
277 2263 421 2324 =AB
436 2261 510 2344 ΑΓ,
531 2258 749 2324 oonuertondo
769 2263 831 2324 en
850 2257 905 2344 [V
921 2260 961 2324 19
977 2260 1103 2346 ooroll]

88 2372 180 2432 AZ:
196 2371 315 2431 ZE=
330 2369 418 2430 AB:
432 2367 503 2430 ΒΓ.
554 2365 610 2430 sed
637 2365 721 2430 ratio
745 2369 833 2429 AZ
850 2370 913 2430 ΖΕ
938 2367 1015 2433 data
1046 2375 1107 2457 est

88 2479 128 2539 ut
157 2474 358 2538 demonstrat
343 2476 416 2537 tum
442 2475 566 2536 esti
553 2470 665 2556 itaqua
695 2470 795 2537 etiam
822 2472 907 2537 ratio
935 2480 1024 2560 AB:
1039 2481 1107 2543 ΒΓ
1162 2459 1163 2464 ¹

88 2581 169 2646 data
190 2583 242 2644 est
265 2577 341 2664 [def.
364 2577 407 2662 2.]

573 2701 629 2767 VI.

161 2827 197 2894 Si
219 2829 300 2893 duae
323 2825 563 2912 magnitudines
590 2826 676 2891 inter
703 2850 737 2892 se
760 2829 921 2895 rationem
944 2831 1102 2898 habentos

90 2936 203 3000 datam
226 2937 474 3018 componuntur,
496 2933 595 2998 otiam
617 2937 724 2999 totum
744 2935 784 2999 ad
802 2940 973 3020 utramque
992 2959 1104 3003 earum

89 3041 254 3107 rationem
276 3038 411 3105 habebit
433 3039 552 3104 datam.

161 3150 398 3231 componantur
433 3146 519 3211 enim
552 3147 632 3211 duae
665 3148 904 3234 magnitudines
937 3155 970 3213 A
976 3152 1016 3234 Γ,
1043 3152 1105 3214 ΓΒ

90 3254 179 3318 inter
202 3275 236 3318 se
259 3252 420 3317 rationem
442 3252 564 3317 habent
550 3258 599 3317 tes
619 3253 737 3362 datam
774 3254 855 3339 dioo,
878 3254 976 3319 etiam
995 3259 1105 3322 totum

952 3382 1107 3393 -——.

95 3449 193 3500 ZAa.
265 3443 423 3514 otdyooga.
496 3450 537 3499 15
558 3441 924 3518 ἐπεί-16.ἄρ..α]οιιια
998 3453 1040 3504 18
1060 3449 1106 3504 λό-

92 3536 196 3587 γος-
162 3520 256 3570 -.19
276 3517 348 3571 δοθε
350 3513 385 3587 ς]
404 3515 576 3578 donnicato:
521 3536 612 3585 αακρ
596 3515 746 3572 :antidio
764 3522 815 3571 AB
833 3519 903 3586 πρὸς
920 3519 951 3574 τὸ
968 3523 1071 3575 ura
