2400 3840
122 171 193 234 '248
292 173 423 224 mmm
440 172 662 224 PHILOSOPHI
681 171 965 223 COMMENTARIUS

128 318 270 380 ἄτακτον
301 326 370 379 τῶν
401 312 481 379 καθ’
511 314 592 380 αὑτὸ
624 313 680 379 καὶ
706 311 778 378 κατ’
805 314 896 377 ίδίαν
923 314 1032 398 φύσιν
1062 321 1148 380 θεω-

128 419 302 506 ρουμένων
321 421 421 504 ἐστίν,
443 420 507 485 κάν
529 418 591 505 ὑφ’
611 420 705 504 ἡμῶν
727 423 823 504 μήπω
846 418 1148 504 καταλαμβάνηται.

128 528 234 593 πολλὰ
253 537 337 610 γοῦν
355 525 535 611 τεταγμένα
553 528 653 610 φύσει
672 526 813 610 ὕστερον
829 523 1028 610 Ἀρχιμήδης
1047 525 1149 604 ἔδειξε

128 646 198 710 τοῖς
220 631 301 718 πρὶν
323 633 364 698 οὐ
387 631 615 719 θεωρηθέντα,
638 632 690 697 ὅτι
712 631 871 697 τέτακται.
912 633 1087 719 γνώριμον
1110 629 1147 698 δὲ

94 753 110 799 5
128 737 184 804 καὶ
206 742 379 823 ἄγνωστον
405 740 488 804 κατὰ
510 740 572 822 τὴν
594 739 678 823 πρὸς
700 737 785 822 ἡμᾶς
807 737 985 824 ἀναφορὰν
1007 737 1149 822 λέγεται.

129 847 212 911 ὥστε
234 843 389 930 διαφέροι
413 845 455 910 ἀν
478 846 518 908 τά
541 843 697 930 εἰρημένα
720 843 884 928 ἀλλήλων,
909 851 1001 930 είπερ
1024 846 1065 910 τὸ
1088 841 1150 930 μὲν

128 954 212 1036 πρὸς
234 952 319 1036 ἡμᾶς
342 955 407 1036 ἔχει
431 953 492 1035 την
515 949 701 1036 ἀναφοράν,
724 951 762 1014 τὸ
785 945 823 1015 δέ
845 951 929 1035 πρὸς
946 952 1009 1034 την
1030 951 1149 1035 φύσιν,

128 1060 166 1124 τὸ
190 1055 226 1122 δέ
249 1059 333 1142 πρὸς
355 1059 393 1121 τὸ
416 1056 546 1141 μέτρον.

196 1162 416 1247 διωρισμένης
447 1159 485 1226 δέ
516 1160 573 1226 καὶ
605 1171 663 1246 τῆς
690 1164 869 1238 κοινωνίας
899 1159 955 1225 καὶ
981 1162 1150 1247 διαφορᾶς

77 1280 111 1327 10
129 1280 197 1333 τῶν
214 1266 447 1352 προτεθέντων
466 1264 628 1350 ἑπόμενον
645 1266 689 1331 ἀν
707 1273 757 1351 εἴη
781 1270 910 1351 λοιπόν,
928 1271 963 1331 τί
978 1267 1063 1333 ποτέ
1079 1268 1151 1334 ἐστι

129 1375 167 1439 τὸ
190 1372 371 1458 δεδομένον
394 1371 647 1450 ἐπισκέψασθαι.
684 1374 757 1438 ὅσοι
774 1375 893 1438 τοίνυν
911 1375 948 1438 τὸ
966 1372 1048 1439 καθ’
1066 1374 1150 1440 ὑπό

129 1486 228 1545 θεσιν
256 1480 434 1563 διδόμενον
460 1478 527 1543 ὑπὸ
551 1487 611 1544 τοῦ
634 1478 882 1564 προβάλλοντος
909 1485 1039 1544 οίονται
1062 1474 1151 1545 εἶναι

129 1588 167 1652 τὸ
191 1584 382 1670 δεδομένον,
405 1584 668 1671 διαμαρτάνουσι
690 1594 752 1649 τοῦ
776 1584 986 1670 ζητουμένου.
1023 1586 1066 1650 τά
1083 1587 1149 1672 γὰρ

131 1705 275 1777 στοιχεῖα
305 1692 414 1757 πάντα
445 1703 512 1757 τῶν
539 1690 729 1776 δεδομένων
756 1690 970 1757 συντέτακται
1003 1692 1044 1756 οὐ
1072 1689 1151 1777 περὶ

83 1812 112 1860 15
131 1808 192 1864 τοῦ
214 1797 294 1864 καθ’
314 1799 479 1864 ὑπόθεσιν
502 1798 668 1882 τοιούτου,
691 1797 736 1874 ὡς
759 1795 883 1875 ἔξεστιν
907 1798 992 1863 ίδεῖν
1016 1797 1150 1863 έπιοῦσι

130 1916 203 1982 ταῖς
238 1903 314 1992 περὶ
348 1906 470 1970 τούτου
501 1907 747 1988 πραγματείαις.
807 1904 861 1969 διὸ
893 1903 948 1968 δεῖ
976 1901 1032 1968 καὶ
1064 1904 1151 1989 ἡμᾶς

131 2010 275 2096 ἀφέντας
298 2013 359 2095 τὴν
382 2012 540 2094 τοιαύτην
561 2010 732 2093 ὑπόληψιν
749 2013 828 2086 τοὺς
846 2011 936 2096 παρά
953 2021 1022 2074 τῶν
1039 2012 1150 2087 ἀλλως

130 2116 332 2204 ὁριζομένων
366 2120 487 2200 λόγους
514 2114 674 2194 ἐξετάσαι·
707 2119 798 2181 ἔσται
828 2113 865 2181 δὲ
892 2117 930 2180 τὸ
957 2114 1036 2181 καθ’
1067 2116 1151 2181 ὑπό-

130 2229 229 2288 θεσιν
256 2225 434 2308 διδόμενον
461 2224 500 2288 τὸ
528 2222 724 2298 ἀκολούθως
755 2233 827 2298 ταῖς
854 2221 970 2307 ἀρχαῖς
997 2224 1150 2307 θεωρού-

78 2339 113 2389 20
132 2353 241 2412 μενον.
287 2329 453 2415 ὁρίζονται
476 2330 518 2412 δὴ
547 2330 582 2392 οί
606 2325 667 2412 μέν
695 2327 925 2412 όνομαστικοῑς
948 2328 1042 2412 ὅροις
1063 2330 1150 2414 χρώ-

131 2457 225 2517 μενοι
254 2432 307 2498 ἑνί
331 2459 397 2500 τινι
425 2446 493 2499 τῶν
520 2432 704 2518 είρημένων
736 2434 817 2499 αὐτὸ
845 2437 1151 2519 χαρακτηρίζοντες,

132 2538 177 2615 ὡς
201 2538 236 2603 έν
260 2538 344 2626 ἀρχῇ
367 2546 502 2625 είρηται.
547 2540 668 2616 πάντες
693 2536 730 2605 δέ
754 2541 874 2624 σχεδὸν
897 2541 1006 2627 ὥσπερ
1030 2543 1152 2624 κοινὴν

132 2648 266 2709 ἔννοιαν
288 2644 364 2731 περὶ
384 2654 444 2710 τοῦ
463 2643 645 2729 δεδομένου
664 2647 823 2712 δοκοῦσιν
842 2646 1026 2732 ἐσχηκέναι·
1050 2671 1150 2711 κατα-

132 2751 257 2833 ληπτὸν
279 2750 343 2836 γάρ
366 2773 398 2815 τι
422 2750 503 2816 αὑτὸ
523 2746 609 2817 εἶναι
627 2750 806 2836 ὑπέλαβον,
829 2752 874 2829 ὡς
892 2752 974 2818 αὑτὸ
994 2752 1150 2838 έμφαίνει

79 2869 113 2917 25
133 2858 170 2922 τὸ
193 2866 253 2922 τοῦ
276 2857 458 2941 δεδομένου
481 2859 596 2942 ὄνομα,
620 2856 674 2923 καὶ
693 2858 835 2943 μάλιστα
853 2860 888 2925 οί
904 2861 941 2925 τὸ
964 2857 1045 2924 καθ’
1066 2860 1150 2925 ὑπό-

131 2969 229 3028 θεσιν
264 2963 445 3048 δεδομένον
476 2964 737 3050 ὑπογράφοντες.
797 2969 880 3030 ἔνιοι
917 2960 954 3029 δέ
989 2967 1074 3051 πρὸς
1110 2967 1149 3031 τὸ

132 3071 410 3155 συγχωρούμενον
433 3069 631 3155 ἀπέβλεψαν.
667 3071 832 3157 χρώμενοι
855 3072 897 3155 δὴ
916 3069 972 3136 καὶ
989 3070 1083 3155 ἡμεῖς
1101 3082 1149 3160 τῷ

133 3174 293 3263 είρημένφ
335 3176 444 3260 ὥσπερ
484 3179 601 3241 κανόνι
641 3175 697 3241 καὶ
732 3181 890 3264 κριτηρίφ
932 3177 1151 3261 δυνησόμεθα

205 3373 228 3422 1,
253 3367 322 3437 τῶν]
340 3374 390 3421 τοὺ
409 3366 474 3421 Vat.
565 3363 626 3439 καί]
646 3384 699 3422 om.
718 3368 748 3423 P.
839 3365 1056 3440 θεωρουμένων]
1075 3371 1151 3424 θεω·

133 3438 271 3507 ροὺμενον
289 3438 354 3493 Vat.
417 3443 441 3492 3.
462 3438 543 3509 γοῦν]
563 3434 614 3494 οὑν
629 3439 693 3494 Vat.
753 3444 778 3494 4.
797 3439 865 3508 πρὶν
880 3440 926 3512 οὑ]
945 3437 1050 3509 ὠρίνου
1069 3440 1150 3509 Vat.;

55 3536 111 3618 ἱ
133 3505 251 3575 τωρίνου
270 3508 330 3564 cod.
345 3509 411 3564 Vat.
426 3507 472 3563 Gr.
488 3513 548 3564 202.
611 3513 652 3565 10.
673 3509 741 3582 ἐστι]
761 3509 835 3567 ἐστιν
854 3511 906 3565 Pv.
963 3515 1005 3565 12.
1025 3509 1150 3583 οἴονται]
