2400 3840
522 152 630 205 narr.
1019 151 1084 215 145

66 292 224 376 quoniam
240 296 303 357 ΓΘ
320 291 625 378 parallelogrammo
640 298 714 358 ΕΗ
728 299 762 358 et
775 295 909 378 aequale
928 300 962 361 et
975 297 1083 382 aequi-

66 399 225 484 angulum
235 402 295 483 est,
303 397 407 462 latera
415 396 795 483 parallelogrammorum
806 404 878 486 ΓΘ,
887 405 963 465 ΕΗ
968 424 1082 486 aequa·

65 503 114 568 lea
138 503 275 589 angulos
300 503 606 587 eomprehendentia
627 504 663 568 in
684 506 849 570 contraria
870 507 1081 591 proportione

65 613 163 674 erunt
178 608 324 693 [VL14].
349 631 447 692 quare
463 613 524 674 ΓΒ
534 633 541 673 :
553 614 672 674 ZH==
683 614 747 676 ΕΖ
757 635 765 674 :
776 614 848 677 ΓΚ.
869 635 983 678 uerum
997 615 1081 679 ratio

68 719 153 780 PK:
169 719 240 779 ΑΓ
258 716 334 779 data
357 721 415 779 est.
458 737 535 800 ergo
559 720 619 801 est,
642 720 681 780 ut
700 720 761 781 ΓΒ
785 719 826 782 ad
845 723 927 804 ZH,
950 719 999 783 ita
1017 725 1087 784 ΕΖ

66 822 108 886 ad
132 844 203 886 eam
226 826 357 905 rectam,
381 822 421 885 ad
445 844 543 905 quam
567 825 637 886 ΑΓ
656 822 817 888 rationem
838 824 939 890 habet
962 826 1080 891 datam.

133 927 199 992 iam
217 950 258 992 ne
277 927 322 992 ait
341 927 603 1013 aequiangulum,
621 931 654 992 et
673 933 880 994 construatur
898 932 939 995 ad
957 935 1080 997 rectam

66 1036 129 1099 PB
153 1039 186 1098 et
204 1037 362 1118 punctum
380 1033 415 1097 in
433 1055 471 1098 ea
489 1033 633 1116 positum
653 1037 686 1098 Γ
703 1035 824 1121 angulo
839 1041 946 1102 ΕΖΗ
966 1061 1081 1122 aequa·

750 1141 792 1206 lis
818 1144 957 1229 angulus
982 1147 1079 1209 ΑΓΒ

743 1247 782 1333 [1,
801 1249 869 1333 23],
898 1255 931 1315 et
950 1252 1078 1335 explea-

745 1359 802 1419 tur
816 1356 1079 1443 parallelogram-

748 1483 838 1525 mum
862 1464 943 1525 ΓΜ.

786 1566 1075 1650 iamquoniamra-

742 1672 790 1736 tio
813 1675 873 1736 ΓΔ
891 1694 898 1734 :
913 1675 988 1734 ΕΗ
1001 1672 1078 1736 data

646 1748 682 1797 H
743 1782 793 1841 est
819 1782 851 1841 et
875 1779 936 1840 ΓΔ
952 1807 992 1828 =
1008 1781 1084 1842 ΓΜ

65 1881 183 1969 [l‚3b]‚
196 1885 281 1950 ratio
297 1889 385 1951 PM:
396 1890 470 1950 ΕΗ
480 1884 556 1950 data
569 1884 639 1949 erit.
660 1889 693 1950 et
707 1888 757 1950 est
775 1885 903 1959 [ΑΓΒ
916 1913 956 1934 =
967 1886 1078 1947 ΕΖΗ

65 1991 177 2074 itaq‘ue
200 1995 259 2076 eat,
283 1995 320 2054 ut
339 1994 399 2055 ΓΒ
424 1992 463 2055 ad
484 1995 560 2074 ΖΗ,
583 1990 631 2054 ita
649 1995 713 2054 ΕΖ
736 1990 777 2054 ad
794 2011 866 2053 earn
884 1991 1016 2071 rectam,
1040 1990 1080 2053 ad

66 2118 164 2180 quam
184 2099 244 2160 ΓΛ
266 2096 427 2161 rationem
450 2097 550 2161 habet
569 2097 680 2161 datam
704 2096 774 2181 [per
793 2094 934 2180 priorem
952 2099 1079 2178 partem

65 2202 161 2266 huius
179 2201 293 2286 prop}
335 2225 450 2267 uerum
473 2203 558 2266 ratio
583 2206 643 2268 ΓΑ
658 2227 665 2266 :
681 2206 740 2268 ΓΛ
763 2203 840 2266 data
863 2197 954 2285 eat.¹)
997 2223 1075 2287 ergo

66 2312 116 2373 est
143 2313 181 2372 ut
205 2312 386 2393 PB:ZH‚
417 2308 466 2372 ita
488 2313 552 2373 ΕΖ
580 2310 621 2373 ad
648 2331 720 2373 eam
746 2311 882 2391 rectam,
911 2306 951 2371 ad
981 2328 1079 2390 quam

65 2417 136 2479 ΑΓ
153 2414 315 2479 rationem
338 2415 437 2479 habet
461 2415 580 2479 datam.

506 2564 636 2630 LXXV.

133 2667 167 2732 Si
196 2670 258 2733 duo
286 2670 443 2755 trianguli
470 2669 555 2734 inter
579 2671 796 2735 serationem
821 2670 944 2735 habent
968 2671 1078 2735 datam

66 2779 100 2839 et
128 2774 164 2837 in
192 2774 320 2860 angulis
349 2780 425 2840 sunt
454 2780 510 2840 aut
538 2776 727 2860 aequalibus
755 2780 811 2841 aut
843 2776 1079 2862 inaequalibus,

67 2881 124 2944 sed
152 2880 250 2965 datis,
279 2882 355 2966 erit,
382 2886 419 2946 ut
447 2904 547 2946 unum
571 2882 657 2946 latus
681 2881 778 2965 primi
802 2882 842 2945 ad
865 2904 967 2945 unum
991 2881 1077 2945 latus

64 2986 207 3070 alteriue,
230 2988 279 3052 ita
301 2988 440 3053 alterum
463 2990 549 3053 latus
573 2986 708 3051 alterius
731 2987 771 3049 ad
790 3007 862 3049 eam
880 2990 1011 3067 rectam,
1037 2987 1078 3050 ad

65 3114 164 3176 quam
187 3092 348 3175 reliquum
372 3093 468 3176 primi
491 3093 653 3157 rationem
675 3090 774 3155 habet
798 3091 917 3157 datam.

138 3227 163 3293 1)
182 3240 208 3275 u.
227 3240 253 3290 p.
270 3226 330 3289 140,
347 3226 458 3275 15-19.

99 3349 169 3419 ΛΓ]
190 3351 273 3402 ΗΑΓ
287 3346 314 3400 b.
395 3350 437 3398 20.
459 3343 518 3416 ἔχῃ]
538 3362 606 3399 corr.
627 3361 662 3398 ex
682 3343 737 3414 ἔχει
755 3361 792 3397 m.
812 3349 828 3397 2
847 3362 873 3398 v.
952 3349 994 3399 21.
1013 3343 1077 3411 ἥτοι

63 3453 98 3461 -
118 3424 160 3472 22.
181 3415 225 3489 δέ]
243 3435 296 3473 om.
312 3418 416 3540 paon
429 3415 467 3484 b).
540 3418 582 3469 21.
604 3414 634 3470 ἐν
650 3414 736 3538 (ami
752 3431 805 3469 om.
821 3432 846 3469 r.
925 3420 968 3469 22.
989 3413 1076 3487 ἔσται]

66 3490 132 3544 ἔστω
150 3489 177 3543 b.
250 3493 292 3542 24.
336 3490 381 3542 ost
399 3487 510 3556 πρώτου
529 3485 594 3540 hab.
614 3484 697 3555 λόγου
737 3484 770 3540 el.
789 3503 825 3541 m.
847 3491 861 3539 1
881 3485 946 3540 Vat.

116 3587 266 3639 Eucliden,
282 3586 333 3627 add.
348 3586 451 3636 Helberg
465 3587 488 3625 at
502 3586 592 3636 Moneo.
611 3585 652 3626 VL
884 3579 923 3629 KQ
1007 3625 1010 3631 ,
