2400 3840
130 166 173 229 34
534 167 738 219 Δαεουιευε.
812 113 815 119 ’

128 316 228 383 θεῖσα
250 308 271 392 ἡ
294 309 359 374 ὑπὸ
383 315 450 374 τῶν
474 314 570 373 ΒΑΔ
593 312 710 391 γωνία·
739 306 872 373 δέδοται
895 298 1022 396 ἄρατὸ
1047 316 1150 376 ΑΒΔ

129 420 294 500 τρίγωνον
312 425 358 503 τῷ
377 416 471 481 εῖδει·
495 416 636 480 δοθεῖσα
654 417 719 500 ίίρα
738 413 828 479 ἐστὶν
846 415 866 499 ἡ
884 415 950 480 ὑπὸ
964 428 1032 481 τῶν
1047 422 1150 482 ΑΒΔ

129 524 243 604 γωνία.
290 524 360 585 ἔστι
383 517 420 585 δὲ
442 519 497 585 καὶ
520 519 542 602 ἡ
564 520 629 586 ὑπὸ
653 532 720 585 τῶν
744 525 845 587 ΒΑΓ
864 525 969 613 γωνία
993 523 1149 588 δοθεῖσα·

87 660 91 668 ·
129 624 185 691 καὶ
205 630 302 711 λοιπὴ
321 629 386 712 ἄρα
403 627 423 711 ἡ
441 626 507 691 ὑπὸ
526 638 594 692 τῶν
607 631 707 692 ΑΓΒ
727 628 867 693 δοθεῖσιί
886 627 989 693 ἐστιν·
1014 627 1149 694 δέδοται

95 735 194 818 οίίρα
217 734 253 798 τὸ
265 735 383 798 ἈΒΓ
400 736 566 817 τρίγωνον
589 742 634 820 τῷ
658 735 748 798 εῖδει.
948 755 951 759 ·

608 927 672 1012 μς’.

194 1051 271 1115 ’Βδιν
299 1055 464 1137 τρίγωνον
492 1055 572 1136 μίαν
602 1055 659 1137 ἔχῃ
686 1055 813 1134 γωνίαν
841 1050 1040 1137 δεδομένην,
1073 1053 1148 1139 περὶ

130 1155 166 1221 δὲ
199 1159 304 1239 ἄλλην
335 1161 461 1240 γωνίαν
494 1160 531 1222 αἱ
560 1157 700 1244 πλευραὶ
732 1162 981 1243 συναμφότεραι
1006 1159 1059 1236 ,ὡς
1089 1164 1148 1245 μία

129 1264 213 1348 πρὸς
240 1266 301 1348 τὴν
329 1268 447 1349 λοιπὴν
475 1267 577 1346 λόγον
605 1267 703 1348 ἔχωσι
726 1263 921 1350 δεδομένον,
949 1263 1084 1330 δέδοται
1111 1268 1148 1331 τὸ

79 1385 113 1433 10
131 1374 296 1453 τρίγωνον
318 1380 364 1457 τῷ
387 1372 477 1436 είδει.

198 1480 279 1540 ἔστω
308 1481 474 1563 τρίγωνον
502 1479 539 1541 τὸ
563 1481 668 1542 ΑΒΓ
692 1481 772 1562 μίαν
799 1481 876 1561 ἔχον
903 1480 1030 1561 γωνίαν
1054 1479 1148 1543 δεδο-

131 1581 235 1666 μένην
258 1585 319 1667 τὴν
341 1583 406 1648 ὑπὸ
430 1594 497 1648 τῶν
517 1587 627 1666 ΑΒΓ,
650 1581 726 1669 περὶ
749 1583 787 1648 δὲ
808 1585 913 1666 ἄλλον
936 1587 1064 1666 γωνίαν
1088 1587 1150 1668 τὴν

128 1688 194 1752 ὑπὸ
218 1700 285 1754 τῶν
309 1693 410 1754 ΒΑΓ
432 1691 469 1753 αι’
489 1693 643 1774 πλευραί,
670 1687 820 1754 τουτέστι
848 1692 1101 1777 συναμφότερος
1128 1691 1148 1773 ἡ

131 1798 232 1860 ΒΑΓ
249 1797 332 1881 πρὸς
355 1797 415 1878 τὴν
434 1799 502 1860 ΒΓ
520 1798 622 1877 λόγον
643 1793 740 1879 ἐχέτω
760 1794 953 1881 δεδομένον·
977 1794 1074 1881 λέγω,
1099 1798 1149 1862 ὅτι

80 1915 113 1962 15
131 1901 169 1964 τὸ
177 1903 299 1965 ΑΒΓ
315 1905 481 1986 τρίγωνον
505 1900 638 1966 δέδοται
660 1910 706 1989 τῷ
730 1903 819 1967 είδει.

193 2008 370 2092 τετμήσθω
394 2008 458 2093 γὰρ
481 2006 502 2090 ἡ
522 2007 588 2071 ὑπὸ
608 2017 676 2072 τῶν
690 2011 790 2073 ΒΑΓ
807 2011 913 2091 γωνία
932 2010 1008 2092 δίχα
1027 2019 1067 2094 τῇ
1083 2015 1149 2074 ΑΔ

131 2114 260 2200 εὐθείᾳ·
284 2115 418 2178 έστιν”
397 2139 462 2200 αρα
486 2114 531 2190 ὡς
554 2113 844 2199 συναμφότερος“
827 2138 848 2197 η
867 2118 968 2179 ΒΑΓ
984 2117 1068 2201 πρὸς
1087 2118 1149 2200 τὴν

133 2223 204 2301 ΓΒ,
227 2219 329 2303 ἡΑΒ
352 2221 436 2305 πρὸς
453 2222 515 2305 τὴν
533 2224 606 2285 ΒΔ.
643 2216 796 2303 λόγοςδδ
814 2229 874 2284 τοῦ
893 2220 1149 2308 συναμφοτέρου

131 2335 189 2407 τῆς
202 2328 304 2388 ΒΑΓ
321 2328 404 2412 πρὸς
422 2328 483 2410 τὴν
500 2330 561 2391 ΓΒ
581 2328 708 2404 δοθείς·
732 2329 830 2409 λόγος
848 2328 912 2411 ίίρα
930 2325 986 2391 καὶ
1001 2328 1062 2412 τῆς
1082 2333 1148 2393 ΑΒ

79 2443 112 2491 20
130 2432 214 2514 πρὸς
241 2431 302 2512 τὴν
325 2434 393 2494 ΒΔ
421 2432 545 2509 δοθείς.
591 2436 649 2496 καί
673 2432 742 2497 ἐστι
771 2433 912 2496 δοθεῖσα
938 2432 959 2516 ἡ
985 2432 1052 2498 ὑπὸ
1080 2445 1149 2499 τῶν

132 2540 232 2599 ΑΒΔ
252 2539 369 2618 γωνία·
393 2536 526 2601 δέδοται
545 2539 609 2623 ἄρα
628 2540 664 2603 τὸ
679 2544 781 2603 ΑΒΔ
804 2542 969 2624 τρίγωνον
987 2549 1033 2626 τῷ
1053 2541 1147 2604 εῖδει·

39 2669 45 2677 ·
133 2642 271 2706 δοθεῖσα
294 2643 358 2726 ἄρα
382 2640 472 2707 ἐστὶν
494 2642 514 2726 ἡ
538 2643 603 2708 ὑπὸ
627 2655 694 2709 τῶν
713 2650 809 2710 ΒΑΔ
831 2649 945 2727 γωνία.
982 2648 1041 2709 καί
1057 2644 1148 2711 ἐστιν
1178 2658 1181 2663 ’

39 2831 42 2838 ¹
132 2748 234 2830 αὐτῆς
257 2748 441 2813 διπλασίων
459 2747 479 2831 ἡ
498 2748 564 2814 ὑπὸ
584 2753 645 2814 ΒΑ
652 2754 696 2815 Γ·
720 2752 859 2816 δοθεῖσα
878 2753 942 2838 ἄρα
961 2737 1030 2816 ἐστὶ
1049 2752 1105 2817 καὶ
1127 2752 1148 2836 ἡ

131 2854 197 2918 ὑπὸ
216 2865 284 2918 τῶν
298 2858 401 2918 ΒΑΓ.
439 2857 507 2919 ἔστι
531 2851 568 2919 δὲ
590 2853 646 2937 οιαὶ
664 2857 684 2941 ἡ
703 2857 767 2922 ὑπὸ
787 2868 854 2922 τῶν
870 2861 976 2922 ΑΒΓ
992 2859 1148 2925 δοθεῖσα·

80 2971 113 3020 25
132 2959 188 3025 καὶ
207 2963 305 3045 λοιπὴ
325 2962 388 3045 ἄρα
407 2959 427 3043 ἡ
445 2960 512 3025 ὑπὸ
527 2972 595 3027 τῶν
609 2966 710 3040 ΑΓΒ
729 2963 868 3028 δοθεῖσα
887 2962 990 3028 ἐστιν·
1014 2963 1148 3030 δέδοται

132 3070 196 3155 ἄρα
219 3069 256 3132 τὸ
280 3070 385 3131 ΑΒΓ
402 3070 568 3154 τρίγωνον
591 3077 637 3155 τῷ
661 3070 751 3135 εῖδει.

204 3299 227 3346 3.
250 3295 347 3364 ΒΑΓ]
366 3299 425 3362 ΑΒ
439 3295 536 3349 Arb.
610 3301 634 3349 4
654 3296 749 3384 ΑΓΒ]
769 3295 892 3349 APAb
972 3301 995 3350 5
1016 3297 1080 3365 Se
1101 3298 1147 3351 de·

132 3365 246 3417 monstr
268 3363 367 3432 altera,
386 3382 412 3418 u.
433 3382 497 3434 app
590 3372 613 3419 6.
633 3366 693 3436 με’]
714 3382 767 3419 om
786 3365 891 3434 b(n0n
910 3368 945 3437 β),
1038 3315 1072 3422 8q
1083 3385 1148 3424 σνν-

133 3432 302 3504 αμφότεραι]
322 3450 375 3488 om
395 3435 421 3488 b.
497 3441 538 3492 11.
560 3436 589 3508 έχ
590 3436 674 3492 ανδ).
745 3441 785 3490 13.
805 3435 945 3493 τουτέστιν
965 3439 1046 3494 codd.
1106 3446 1146 3494 14.

134 3505 230 3573 ΒΑΓ]
255 3508 338 3557 ΒΑΓ
357 3503 515 3574 ὡςμίαὶ).
572 3459 659 3578 χΒΓ]
681 3507 775 3562 PBb
865 3514 905 3563 18.
925 3508 956 3580 ἡ]
977 3508 1146 3582 οντωςὴὶ).
