<?xml version="1.0" encoding="UTF-8"?>
<!DOCTYPE html PUBLIC "-//W3C//DTD XHTML 1.0 Transitional//EN"
    "http://www.w3.org/TR/xhtml1/DTD/xhtml1-transitional.dtd">
<html xmlns="http://www.w3.org/1999/xhtml" xml:lang="en" lang="en">
 <head>
  <title>
</title>
<meta http-equiv="Content-Type" content="text/html;charset=utf-8" />
  <meta name='ocr-system' content='tesseract 3.04.00' />
  <meta name='ocr-capabilities' content='ocr_page ocr_carea ocr_par ocr_line ocrx_word'/>
</head>
<body>
  <div class='ocr_page' id='page_1' title='image "./euclidisoperaom05unkngoog_0172.png"; bbox 0 0 2400 3840; ppageno 0'>
   <div class='ocr_carea' id='block_1_1' title="bbox 95 151 704 216">
    <p class='ocr_par' dir='ltr' id='par_1_1' title="bbox 95 151 704 216">
     <span class='ocr_line' id='line_1_1' title="bbox 95 151 704 216; baseline -0.002 -13"><span class='ocrx_word' id='word_1_1' title='bbox 95 151 137 216; x_wconf 88' lang='grc'><em>98</em></span> <span class='ocrx_word' id='word_1_2' title='bbox 499 151 704 202; x_wconf 77' lang='grc' dir='ltr'><em>ΔΕΔΟΜΕΝΑ.</em></span> 
     </span>
    </p>
   </div>
   <div class='ocr_carea' id='block_1_2' title="bbox 57 290 1114 1644">
    <p class='ocr_par' dir='ltr' id='par_1_2' title="bbox 94 290 1113 695">
     <span class='ocr_line' id='line_1_2' title="bbox 95 290 1111 378; baseline -0.004 -18"><span class='ocrx_word' id='word_1_3' title='bbox 95 297 132 360; x_wconf 84' lang='grc' dir='ltr'><em>αί</em></span> <span class='ocrx_word' id='word_1_4' title='bbox 154 298 225 378; x_wconf 87' lang='grc' dir='ltr'><em>ΓΛ,</em></span> <span class='ocrx_word' id='word_1_5' title='bbox 244 299 318 378; x_wconf 81' lang='grc' dir='ltr'><em>ΕΖ,</em></span> <span class='ocrx_word' id='word_1_6' title='bbox 336 298 376 358; x_wconf 92' lang='grc' dir='ltr'><em>Η</em></span> <span class='ocrx_word' id='word_1_7' title='bbox 395 292 574 376; x_wconf 80' lang='grc' dir='ltr'><em>ἀνάλογον·</em></span> <span class='ocrx_word' id='word_1_8' title='bbox 606 290 742 375; x_wconf 77' lang='grc' dir='ltr'><em>καὶτῆς</em></span> <span class='ocrx_word' id='word_1_9' title='bbox 766 295 826 370; x_wconf 86' lang='grc' dir='ltr'><em>Ι-’Λ</em></span> <span class='ocrx_word' id='word_1_10' title='bbox 854 294 918 378; x_wconf 86' lang='grc' dir='ltr'><em>όίρα</em></span> <span class='ocrx_word' id='word_1_11' title='bbox 944 293 1028 378; x_wconf 82' lang='grc' dir='ltr'><em>πρὸς</em></span> <span class='ocrx_word' id='word_1_12' title='bbox 1048 293 1111 374; x_wconf 79' lang='grc' dir='ltr'><em>τὴν</em></span> 
     </span>
     <span class='ocr_line' id='line_1_3' title="bbox 94 396 1111 485; baseline -0.006 -19"><span class='ocrx_word' id='word_1_13' title='bbox 94 406 160 466; x_wconf 98' lang='grc' dir='ltr'><em>ΕΖ</em></span> <span class='ocrx_word' id='word_1_14' title='bbox 183 403 281 483; x_wconf 85' lang='grc' dir='ltr'><em>λόγος</em></span> <span class='ocrx_word' id='word_1_15' title='bbox 304 398 373 464; x_wconf 80' lang='grc' dir='ltr'><em>ἐστὶ</em></span> <span class='ocrx_word' id='word_1_16' title='bbox 396 400 519 475; x_wconf 89' lang='grc' dir='ltr'><em>δοθείς.</em></span> <span class='ocrx_word' id='word_1_17' title='bbox 558 401 617 462; x_wconf 91' lang='grc' dir='ltr'><em>καί</em></span> <span class='ocrx_word' id='word_1_18' title='bbox 638 396 728 463; x_wconf 79' lang='grc' dir='ltr'><em>ἐστιν</em></span> <span class='ocrx_word' id='word_1_19' title='bbox 751 397 867 482; x_wconf 84' lang='grc' dir='ltr'><em>ὅμοιον</em></span> <span class='ocrx_word' id='word_1_20' title='bbox 890 399 927 461; x_wconf 85' lang='grc' dir='ltr'><em>τὸ</em></span> <span class='ocrx_word' id='word_1_21' title='bbox 946 404 979 461; x_wconf 91' lang='lat' dir='ltr'><em>A</em></span> <span class='ocrx_word' id='word_1_22' title='bbox 1002 407 1047 485; x_wconf 75' lang='grc' dir='ltr'><em>τῷ</em></span> <span class='ocrx_word' id='word_1_23' title='bbox 1068 401 1111 460; x_wconf 89' lang='grc' dir='ltr'><em>Β·</em></span> 
     </span>
     <span class='ocr_line' id='line_1_4' title="bbox 96 502 1113 592; baseline -0.007 -20"><span class='ocrx_word' id='word_1_24' title='bbox 96 506 151 572; x_wconf 78' lang='grc' dir='ltr'><em>καὶ</em></span> <span class='ocrx_word' id='word_1_25' title='bbox 180 509 217 572; x_wconf 90' lang='grc' dir='ltr'><em>αί</em></span> <span class='ocrx_word' id='word_1_26' title='bbox 242 505 355 572; x_wconf 81' lang='grc' dir='ltr'><em>λοιπαὶ</em></span> <span class='ocrx_word' id='word_1_27' title='bbox 382 508 447 592; x_wconf 77' lang='grc' dir='ltr'><em>ἄρα</em></span> <span class='ocrx_word' id='word_1_28' title='bbox 473 502 614 590; x_wconf 82' lang='grc' dir='ltr'><em>πλευραὶ</em></span> <span class='ocrx_word' id='word_1_29' title='bbox 640 505 723 589; x_wconf 83' lang='grc' dir='ltr'><em>πρὸς</em></span> <span class='ocrx_word' id='word_1_30' title='bbox 745 504 803 581; x_wconf 82' lang='grc' dir='ltr'><em>τὰς</em></span> <span class='ocrx_word' id='word_1_31' title='bbox 826 504 942 579; x_wconf 80' lang='grc' dir='ltr'><em>λοιπὰς</em></span> <span class='ocrx_word' id='word_1_32' title='bbox 966 503 1113 586; x_wconf 82' lang='grc' dir='ltr'><em>πλευρὰς</em></span> 
     </span>
     <span class='ocr_line' id='line_1_5' title="bbox 96 608 559 695; baseline -0.013 -17"><span class='ocrx_word' id='word_1_33' title='bbox 96 615 198 695; x_wconf 92' lang='grc' dir='ltr'><em>λόγον</em></span> <span class='ocrx_word' id='word_1_34' title='bbox 221 611 332 690; x_wconf 79' lang='grc' dir='ltr'><em>έξουσι</em></span> <span class='ocrx_word' id='word_1_35' title='bbox 356 608 559 695; x_wconf 80' lang='grc' dir='ltr'><em>δεδομένον..</em></span> 
     </span>
    </p>

    <p class='ocr_par' dir='ltr' id='par_1_3' title="bbox 61 712 1114 1225">
     <span class='ocr_line' id='line_1_6' title="bbox 61 712 1111 803; baseline -0.004 -20"><span class='ocrx_word' id='word_1_36' title='bbox 61 728 77 776; x_wconf 81' lang='lat'>5</span> <span class='ocrx_word' id='word_1_37' title='bbox 164 719 208 802; x_wconf 77' lang='grc' dir='ltr'><em>μὴ</em></span> <span class='ocrx_word' id='word_1_38' title='bbox 232 720 314 783; x_wconf 81' lang='grc' dir='ltr'><em>ἔστω</em></span> <span class='ocrx_word' id='word_1_39' title='bbox 338 717 379 801; x_wconf 79' lang='grc' dir='ltr'><em>δὴ</em></span> <span class='ocrx_word' id='word_1_40' title='bbox 404 716 520 800; x_wconf 85' lang='grc' dir='ltr'><em>ὅμοιον</em></span> <span class='ocrx_word' id='word_1_41' title='bbox 542 717 579 780; x_wconf 81' lang='grc' dir='ltr'><em>τὸ</em></span> <span class='ocrx_word' id='word_1_42' title='bbox 603 721 635 780; x_wconf 99' lang='lat' dir='ltr'><em>A</em></span> <span class='ocrx_word' id='word_1_43' title='bbox 658 724 703 803; x_wconf 77' lang='grc' dir='ltr'><em>τῷ</em></span> <span class='ocrx_word' id='word_1_44' title='bbox 723 719 763 798; x_wconf 80' lang='grc' dir='ltr'><em>Β,</em></span> <span class='ocrx_word' id='word_1_45' title='bbox 785 712 840 778; x_wconf 81' lang='grc' dir='ltr'><em>καὶ</em></span> <span class='ocrx_word' id='word_1_46' title='bbox 864 713 1111 800; x_wconf 75' lang='grc' dir='ltr'><em>ἀναγεγράφθω</em></span> 
     </span>
     <span class='ocr_line' id='line_1_7' title="bbox 96 819 1112 909; baseline -0.004 -21"><span class='ocrx_word' id='word_1_47' title='bbox 96 823 161 888; x_wconf 77' lang='grc' dir='ltr'><em>ἀπὸ</em></span> <span class='ocrx_word' id='word_1_48' title='bbox 180 832 238 906; x_wconf 77' lang='grc' dir='ltr'><em>τῆς</em></span> <span class='ocrx_word' id='word_1_49' title='bbox 256 827 319 887; x_wconf 88' lang='grc' dir='ltr'><em>ΕΖ</em></span> <span class='ocrx_word' id='word_1_50' title='bbox 338 830 383 909; x_wconf 77' lang='grc' dir='ltr'><em>τῷ</em></span> <span class='ocrx_word' id='word_1_51' title='bbox 403 827 435 886; x_wconf 99' lang='lat' dir='ltr'><em>A</em></span> <span class='ocrx_word' id='word_1_52' title='bbox 459 821 575 905; x_wconf 83' lang='grc' dir='ltr'><em>ὅμοιον</em></span> <span class='ocrx_word' id='word_1_53' title='bbox 592 819 648 885; x_wconf 81' lang='grc' dir='ltr'><em>καὶ</em></span> <span class='ocrx_word' id='word_1_54' title='bbox 667 820 788 905; x_wconf 83' lang='grc' dir='ltr'><em>ὁμοίως</em></span> <span class='ocrx_word' id='word_1_55' title='bbox 805 823 958 904; x_wconf 91' lang='grc' dir='ltr'><em>κείμενον</em></span> <span class='ocrx_word' id='word_1_56' title='bbox 976 821 1013 885; x_wconf 83' lang='grc' dir='ltr'><em>τὸ</em></span> <span class='ocrx_word' id='word_1_57' title='bbox 1032 824 1112 884; x_wconf 91' lang='grc' dir='ltr'><em>ΕΘ·</em></span> 
     </span>
     <span class='ocr_line' id='line_1_8' title="bbox 97 922 1112 1015; baseline -0.004 -22"><span class='ocrx_word' id='word_1_58' title='bbox 97 928 230 994; x_wconf 79' lang='grc' dir='ltr'><em>δέδοται</em></span> <span class='ocrx_word' id='word_1_59' title='bbox 255 931 318 1015; x_wconf 80' lang='grc' dir='ltr'><em>ἄρα</em></span> <span class='ocrx_word' id='word_1_60' title='bbox 340 926 396 992; x_wconf 81' lang='grc' dir='ltr'><em>καὶ</em></span> <span class='ocrx_word' id='word_1_61' title='bbox 414 929 451 993; x_wconf 80' lang='grc' dir='ltr'><em>τὸ</em></span> <span class='ocrx_word' id='word_1_62' title='bbox 465 931 532 993; x_wconf 91' lang='grc' dir='ltr'><em>ΕΘ</em></span> <span class='ocrx_word' id='word_1_63' title='bbox 553 936 599 1014; x_wconf 74' lang='grc' dir='ltr'><em>τῷ</em></span> <span class='ocrx_word' id='word_1_64' title='bbox 618 928 713 991; x_wconf 86' lang='grc' dir='ltr'><em>είδει·</em></span> <span class='ocrx_word' id='word_1_65' title='bbox 737 924 870 990; x_wconf 83' lang='grc' dir='ltr'><em>δέδοται</em></span> <span class='ocrx_word' id='word_1_66' title='bbox 889 922 926 990; x_wconf 74' lang='grc' dir='ltr'><em>δὲ</em></span> <span class='ocrx_word' id='word_1_67' title='bbox 943 924 999 990; x_wconf 82' lang='grc' dir='ltr'><em>καὶ</em></span> <span class='ocrx_word' id='word_1_68' title='bbox 1017 927 1054 990; x_wconf 85' lang='grc' dir='ltr'><em>τὸ</em></span> <span class='ocrx_word' id='word_1_69' title='bbox 1070 929 1112 989; x_wconf 88' lang='grc' dir='ltr'><em>Β·</em></span> 
     </span>
     <span class='ocr_line' id='line_1_9' title="bbox 96 1027 1113 1120; baseline -0.004 -20"><span class='ocrx_word' id='word_1_70' title='bbox 96 1038 196 1118; x_wconf 81' lang='grc' dir='ltr'><em>λόγος</em></span> <span class='ocrx_word' id='word_1_71' title='bbox 218 1036 283 1120; x_wconf 87' lang='grc' dir='ltr'><em>όίρα</em></span> <span class='ocrx_word' id='word_1_72' title='bbox 305 1042 365 1098; x_wconf 86' lang='grc' dir='ltr'><em>τοῦ</em></span> <span class='ocrx_word' id='word_1_73' title='bbox 385 1038 414 1098; x_wconf 89' lang='grc' dir='ltr'><em>Β</em></span> <span class='ocrx_word' id='word_1_74' title='bbox 436 1033 520 1119; x_wconf 80' lang='grc' dir='ltr'><em>πρὸς</em></span> <span class='ocrx_word' id='word_1_75' title='bbox 541 1034 579 1097; x_wconf 86' lang='grc' dir='ltr'><em>τὸ</em></span> <span class='ocrx_word' id='word_1_76' title='bbox 598 1037 663 1097; x_wconf 90' lang='grc' dir='ltr'><em>ΕΘ</em></span> <span class='ocrx_word' id='word_1_77' title='bbox 686 1033 815 1108; x_wconf 89' lang='grc' dir='ltr'><em>δοθείς·</em></span> <span class='ocrx_word' id='word_1_78' title='bbox 838 1040 898 1096; x_wconf 85' lang='grc' dir='ltr'><em>τοῦ</em></span> <span class='ocrx_word' id='word_1_79' title='bbox 922 1027 959 1095; x_wconf 74' lang='grc' dir='ltr'><em>δὲ</em></span> <span class='ocrx_word' id='word_1_80' title='bbox 977 1035 1006 1094; x_wconf 93' lang='grc' dir='ltr'><em>Β</em></span> <span class='ocrx_word' id='word_1_81' title='bbox 1029 1032 1113 1117; x_wconf 82' lang='grc' dir='ltr'><em>πρὸς</em></span> 
     </span>
     <span class='ocr_line' id='line_1_10' title="bbox 96 1136 1114 1225; baseline -0.006 -19"><span class='ocrx_word' id='word_1_82' title='bbox 96 1143 133 1206; x_wconf 82' lang='grc' dir='ltr'><em>τὸ</em></span> <span class='ocrx_word' id='word_1_83' title='bbox 158 1148 191 1205; x_wconf 89' lang='lat' dir='ltr'><em>A</em></span> <span class='ocrx_word' id='word_1_84' title='bbox 214 1143 312 1221; x_wconf 89' lang='grc' dir='ltr'><em>λόγος</em></span> <span class='ocrx_word' id='word_1_85' title='bbox 335 1137 403 1204; x_wconf 80' lang='grc' dir='ltr'><em>ἐστὶ</em></span> <span class='ocrx_word' id='word_1_86' title='bbox 427 1140 555 1214; x_wconf 85' lang='grc' dir='ltr'><em>δοθείς·</em></span> <span class='ocrx_word' id='word_1_87' title='bbox 578 1136 716 1202; x_wconf 80' lang='grc' dir='ltr'><em>καὶτοῦ</em></span> <span class='ocrx_word' id='word_1_88' title='bbox 740 1144 773 1201; x_wconf 91' lang='lat' dir='ltr'><em>A</em></span> <span class='ocrx_word' id='word_1_89' title='bbox 795 1140 860 1225; x_wconf 79' lang='grc' dir='ltr'><em>ἄρα</em></span> <span class='ocrx_word' id='word_1_90' title='bbox 881 1139 966 1222; x_wconf 83' lang='grc' dir='ltr'><em>πρὸς</em></span> <span class='ocrx_word' id='word_1_91' title='bbox 987 1138 1025 1200; x_wconf 83' lang='grc' dir='ltr'><em>τὸ</em></span> <span class='ocrx_word' id='word_1_92' title='bbox 1047 1141 1114 1201; x_wconf 91' lang='grc' dir='ltr'><em>ΕΘ</em></span> 
     </span>
    </p>

    <p class='ocr_par' dir='ltr' id='par_1_4' title="bbox 57 1241 1114 1330">
     <span class='ocr_line' id='line_1_11' title="bbox 57 1241 1114 1330; baseline 0.001 -25"><span class='ocrx_word' id='word_1_93' title='bbox 57 1257 79 1305; x_wconf 85' lang='grc' dir='ltr'><em>,ο</em></span> <span class='ocrx_word' id='word_1_94' title='bbox 100 1249 199 1328; x_wconf 93' lang='grc' dir='ltr'><em>λόγος</em></span> <span class='ocrx_word' id='word_1_95' title='bbox 227 1243 295 1310; x_wconf 83' lang='grc' dir='ltr'><strong><em>ἐστὶ</em></strong></span> <span class='ocrx_word' id='word_1_96' title='bbox 322 1245 446 1319; x_wconf 89' lang='grc' dir='ltr'><em>δοθείς.</em></span> <span class='ocrx_word' id='word_1_97' title='bbox 494 1241 550 1307; x_wconf 78' lang='grc' dir='ltr'><em>καὶ</em></span> <span class='ocrx_word' id='word_1_98' title='bbox 573 1243 689 1327; x_wconf 84' lang='grc' dir='ltr'><em>ὅμοιον</em></span> <span class='ocrx_word' id='word_1_99' title='bbox 716 1245 753 1308; x_wconf 84' lang='grc' dir='ltr'><em>τὸ</em></span> <span class='ocrx_word' id='word_1_100' title='bbox 777 1249 809 1306; x_wconf 93' lang='lat' dir='ltr'><em>A</em></span> <span class='ocrx_word' id='word_1_101' title='bbox 836 1253 881 1330; x_wconf 79' lang='grc' dir='ltr'><em>τῷ</em></span> <span class='ocrx_word' id='word_1_102' title='bbox 905 1246 983 1306; x_wconf 87' lang='grc' dir='ltr'><em>ΕΘ·</em></span> <span class='ocrx_word' id='word_1_103' title='bbox 1016 1245 1114 1324; x_wconf 91' lang='grc' dir='ltr'><em>λόγος</em></span> 
     </span>
    </p>

    <p class='ocr_par' dir='ltr' id='par_1_5' title="bbox 69 1347 1113 1644">
     <span class='ocr_line' id='line_1_12' title="bbox 69 1347 1112 1438; baseline -0.007 -21"><span class='ocrx_word' id='word_1_104' title='bbox 69 1399 73 1419; x_wconf 61' lang='lat'>2</span> <span class='ocrx_word' id='word_1_105' title='bbox 97 1354 161 1438; x_wconf 85' lang='grc' dir='ltr'><em>όίρα</em></span> <span class='ocrx_word' id='word_1_106' title='bbox 188 1360 247 1435; x_wconf 76' lang='grc' dir='ltr'><em>τῆς</em></span> <span class='ocrx_word' id='word_1_107' title='bbox 270 1353 331 1415; x_wconf 89' lang='grc' dir='ltr'><em>ΓΛ</em></span> <span class='ocrx_word' id='word_1_108' title='bbox 358 1350 441 1435; x_wconf 84' lang='grc' dir='ltr'><em>πρὸς</em></span> <span class='ocrx_word' id='word_1_109' title='bbox 467 1350 528 1433; x_wconf 79' lang='grc' dir='ltr'><em>τὴν</em></span> <span class='ocrx_word' id='word_1_110' title='bbox 552 1353 616 1412; x_wconf 90' lang='grc' dir='ltr'><em>ΕΖ</em></span> <span class='ocrx_word' id='word_1_111' title='bbox 643 1350 766 1425; x_wconf 85' lang='grc' dir='ltr'><em>δοθείς.</em></span> <span class='ocrx_word' id='word_1_112' title='bbox 812 1349 868 1412; x_wconf 84' lang='grc' dir='ltr'><em>διὰ</em></span> <span class='ocrx_word' id='word_1_113' title='bbox 895 1348 935 1425; x_wconf 76' lang='grc' dir='ltr'><em>τὰ</em></span> <span class='ocrx_word' id='word_1_114' title='bbox 958 1347 1043 1412; x_wconf 82' lang='grc' dir='ltr'><em>αὐτὰ</em></span> <span class='ocrx_word' id='word_1_115' title='bbox 1071 1348 1112 1430; x_wconf 80' lang='grc' dir='ltr'><em>δὴ</em></span> 
     </span>
     <span class='ocr_line' id='line_1_13' title="bbox 97 1454 1113 1541; baseline -0.004 -20"><span class='ocrx_word' id='word_1_116' title='bbox 97 1456 152 1521; x_wconf 81' lang='grc' dir='ltr'><em>καί</em></span> <span class='ocrx_word' id='word_1_117' title='bbox 184 1467 252 1521; x_wconf 84' lang='grc' dir='ltr'><em>τῶν</em></span> <span class='ocrx_word' id='word_1_118' title='bbox 282 1461 407 1521; x_wconf 80' lang='grc' dir='ltr'><em>λοιπῶν</em></span> <span class='ocrx_word' id='word_1_119' title='bbox 438 1460 592 1541; x_wconf 82' lang='grc' dir='ltr'><em>πλευρῶν</em></span> <span class='ocrx_word' id='word_1_120' title='bbox 623 1456 707 1540; x_wconf 82' lang='grc' dir='ltr'><em>πρὸς</em></span> <span class='ocrx_word' id='word_1_121' title='bbox 733 1454 792 1531; x_wconf 81' lang='grc' dir='ltr'><em>τὰς</em></span> <span class='ocrx_word' id='word_1_122' title='bbox 819 1454 936 1530; x_wconf 83' lang='grc' dir='ltr'><em>λοιπὰς</em></span> <span class='ocrx_word' id='word_1_123' title='bbox 967 1454 1113 1539; x_wconf 81' lang='grc' dir='ltr'><em>πλευρὰς</em></span> 
     </span>
     <span class='ocr_line' id='line_1_14' title="bbox 99 1560 433 1644; baseline -0.006 -17"><span class='ocrx_word' id='word_1_124' title='bbox 99 1565 196 1644; x_wconf 91' lang='grc' dir='ltr'><em>λόγος</em></span> <span class='ocrx_word' id='word_1_125' title='bbox 220 1560 289 1626; x_wconf 80' lang='grc' dir='ltr'><em>ἐστὶ</em></span> <span class='ocrx_word' id='word_1_126' title='bbox 311 1562 433 1637; x_wconf 84' lang='grc' dir='ltr'><em>δοθείς.</em></span> 
     </span>
    </p>
   </div>
   <div class='ocr_carea' id='block_1_3' title="bbox 57 1777 1116 3022">
    <p class='ocr_par' dir='ltr' id='par_1_6' title="bbox 57 1777 1116 3022">
     <span class='ocr_line' id='line_1_15' title="bbox 577 1777 637 1819; baseline -0.017 0"><span class='ocrx_word' id='word_1_127' title='bbox 577 1777 637 1819; x_wconf 89' lang='grc' dir='ltr'><em>νε.</em></span> 
     </span>
     <span class='ocr_line' id='line_1_16' title="bbox 57 1871 1115 1966; baseline -0.003 -22"><span class='ocrx_word' id='word_1_128' title='bbox 57 1890 78 1937; x_wconf 70' lang='lat'><em>‚5</em></span> <span class='ocrx_word' id='word_1_129' title='bbox 164 1877 240 1944; x_wconf 85' lang='grc' dir='ltr'><em>Ἐὰν</em></span> <span class='ocrx_word' id='word_1_130' title='bbox 263 1881 387 1965; x_wconf 81' lang='grc' dir='ltr'><em>χωρίον</em></span> <span class='ocrx_word' id='word_1_131' title='bbox 409 1887 454 1966; x_wconf 79' lang='grc' dir='ltr'><em>τῷ</em></span> <span class='ocrx_word' id='word_1_132' title='bbox 478 1878 559 1942; x_wconf 85' lang='grc' dir='ltr'><em>είδει</em></span> <span class='ocrx_word' id='word_1_133' title='bbox 581 1874 637 1942; x_wconf 81' lang='grc' dir='ltr'><em>καὶ</em></span> <span class='ocrx_word' id='word_1_134' title='bbox 659 1887 705 1964; x_wconf 76' lang='grc' dir='ltr'><em>τῷ</em></span> <span class='ocrx_word' id='word_1_135' title='bbox 723 1874 857 1961; x_wconf 75' lang='grc' dir='ltr'><em>μεγέθει</em></span> <span class='ocrx_word' id='word_1_136' title='bbox 880 1875 1061 1960; x_wconf 78' lang='grc' dir='ltr'><em>δεδομένον</em></span> <span class='ocrx_word' id='word_1_137' title='bbox 1083 1871 1115 1962; x_wconf 79' lang='grc' dir='ltr'><em>ᾖ,</em></span> 
     </span>
     <span class='ocr_line' id='line_1_17' title="bbox 98 1980 1089 2071; baseline -0.004 -21"><span class='ocrx_word' id='word_1_138' title='bbox 98 1984 154 2050; x_wconf 81' lang='grc' dir='ltr'><em>καὶ</em></span> <span class='ocrx_word' id='word_1_139' title='bbox 177 1986 215 2049; x_wconf 89' lang='grc' dir='ltr'><em>αί</em></span> <span class='ocrx_word' id='word_1_140' title='bbox 234 1983 374 2070; x_wconf 82' lang='grc' dir='ltr'><em>πλευραί</em></span> <span class='ocrx_word' id='word_1_141' title='bbox 398 1984 501 2049; x_wconf 81' lang='grc' dir='ltr'><em>αὐτοῦ</em></span> <span class='ocrx_word' id='word_1_142' title='bbox 524 1992 570 2071; x_wconf 77' lang='grc' dir='ltr'><em>τῷ</em></span> <span class='ocrx_word' id='word_1_143' title='bbox 593 1980 727 2067; x_wconf 76' lang='grc' dir='ltr'><em>μεγέθει</em></span> <span class='ocrx_word' id='word_1_144' title='bbox 750 1981 925 2066; x_wconf 89' lang='grc' dir='ltr'><em>δεδομέναι</em></span> <span class='ocrx_word' id='word_1_145' title='bbox 948 1984 1089 2047; x_wconf 81' lang='grc' dir='ltr'><em>ἔσονται.</em></span> 
     </span>
     <span class='ocr_line' id='line_1_18' title="bbox 166 2085 1115 2177; baseline -0.004 -22"><span class='ocrx_word' id='word_1_146' title='bbox 166 2093 248 2156; x_wconf 79' lang='grc' dir='ltr'><em>ἔστω</em></span> <span class='ocrx_word' id='word_1_147' title='bbox 276 2092 400 2176; x_wconf 81' lang='grc' dir='ltr'><em>χωρίον</em></span> <span class='ocrx_word' id='word_1_148' title='bbox 431 2099 477 2177; x_wconf 76' lang='grc' dir='ltr'><em>τῷ</em></span> <span class='ocrx_word' id='word_1_149' title='bbox 505 2090 586 2154; x_wconf 86' lang='grc' dir='ltr'><em>είδει</em></span> <span class='ocrx_word' id='word_1_150' title='bbox 616 2086 672 2153; x_wconf 81' lang='grc' dir='ltr'><em>καὶ</em></span> <span class='ocrx_word' id='word_1_151' title='bbox 698 2097 744 2176; x_wconf 73' lang='grc' dir='ltr'><em>τῷ</em></span> <span class='ocrx_word' id='word_1_152' title='bbox 773 2085 906 2173; x_wconf 76' lang='grc' dir='ltr'><em>μεγέθει</em></span> <span class='ocrx_word' id='word_1_153' title='bbox 934 2085 1115 2172; x_wconf 90' lang='grc' dir='ltr'><em>δεδομένον</em></span> 
     </span>
     <span class='ocr_line' id='line_1_19' title="bbox 97 2189 1115 2280; baseline -0.004 -19"><span class='ocrx_word' id='word_1_154' title='bbox 97 2198 134 2260; x_wconf 82' lang='grc' dir='ltr'><em>τὸ</em></span> <span class='ocrx_word' id='word_1_155' title='bbox 161 2203 206 2261; x_wconf 91' lang='lat' dir='ltr'><em>A·</em></span> <span class='ocrx_word' id='word_1_156' title='bbox 234 2194 330 2279; x_wconf 84' lang='grc' dir='ltr'><em>λέγω,</em></span> <span class='ocrx_word' id='word_1_157' title='bbox 353 2195 404 2260; x_wconf 82' lang='grc' dir='ltr'><em>ὅτι</em></span> <span class='ocrx_word' id='word_1_158' title='bbox 426 2191 482 2258; x_wconf 81' lang='grc' dir='ltr'><em>καὶ</em></span> <span class='ocrx_word' id='word_1_159' title='bbox 505 2194 542 2258; x_wconf 92' lang='grc' dir='ltr'><em>αί</em></span> <span class='ocrx_word' id='word_1_160' title='bbox 561 2189 702 2280; x_wconf 82' lang='grc' dir='ltr'><em>πλευραὶ</em></span> <span class='ocrx_word' id='word_1_161' title='bbox 725 2193 828 2258; x_wconf 86' lang='grc' dir='ltr'><em>αὐτοῦ</em></span> <span class='ocrx_word' id='word_1_162' title='bbox 852 2191 1027 2277; x_wconf 87' lang='grc' dir='ltr'><em>δεδομέναι</em></span> <span class='ocrx_word' id='word_1_163' title='bbox 1050 2191 1115 2258; x_wconf 80' lang='grc' dir='ltr'><em>είσὶ</em></span> 
     </span>
     <span class='ocr_line' id='line_1_20' title="bbox 97 2299 314 2388; baseline 0.005 -24"><span class='ocrx_word' id='word_1_164' title='bbox 97 2311 144 2388; x_wconf 79' lang='grc' dir='ltr'><em>τῷ</em></span> <span class='ocrx_word' id='word_1_165' title='bbox 170 2299 314 2384; x_wconf 79' lang='grc' dir='ltr'><em>μεγέθει.</em></span> 
     </span>
     <span class='ocr_line' id='line_1_21' title="bbox 57 2400 1114 2491; baseline 0.005 -27"><span class='ocrx_word' id='word_1_166' title='bbox 57 2416 81 2465; x_wconf 80' lang='grc' dir='ltr'><em>ιο</em></span> <span class='ocrx_word' id='word_1_167' title='bbox 168 2405 328 2469; x_wconf 83' lang='grc' dir='ltr'><em>ἐκκείσθω</em></span> <span class='ocrx_word' id='word_1_168' title='bbox 358 2405 422 2490; x_wconf 79' lang='grc' dir='ltr'><em>γὰρ</em></span> <span class='ocrx_word' id='word_1_169' title='bbox 449 2413 489 2490; x_wconf 78' lang='grc' dir='ltr'><em>τῇ</em></span> <span class='ocrx_word' id='word_1_170' title='bbox 516 2401 610 2468; x_wconf 89' lang='grc' dir='ltr'><em>θέσει</em></span> <span class='ocrx_word' id='word_1_171' title='bbox 637 2400 692 2468; x_wconf 82' lang='grc' dir='ltr'><em>καὶ</em></span> <span class='ocrx_word' id='word_1_172' title='bbox 719 2413 764 2491; x_wconf 79' lang='grc' dir='ltr'><em>τῷ</em></span> <span class='ocrx_word' id='word_1_173' title='bbox 788 2403 921 2488; x_wconf 87' lang='grc' dir='ltr'><em>μεγέθει</em></span> <span class='ocrx_word' id='word_1_174' title='bbox 953 2401 1114 2488; x_wconf 85' lang='grc' dir='ltr'><em>δεδομένη</em></span> 
     </span>
     <span class='ocr_line' id='line_1_22' title="bbox 98 2506 1116 2597; baseline 0 -23"><span class='ocrx_word' id='word_1_175' title='bbox 98 2510 215 2574; x_wconf 78' lang='grc' dir='ltr'><em>εὐθεῖα</em></span> <span class='ocrx_word' id='word_1_176' title='bbox 238 2511 259 2594; x_wconf 75' lang='grc' dir='ltr'><strong><em>ἡ</em></strong></span> <span class='ocrx_word' id='word_1_177' title='bbox 282 2513 359 2594; x_wconf 84' lang='grc' dir='ltr'><em>ΒΓ,</em></span> <span class='ocrx_word' id='word_1_178' title='bbox 391 2506 446 2574; x_wconf 82' lang='grc' dir='ltr'><em>καὶ</em></span> <span class='ocrx_word' id='word_1_179' title='bbox 477 2508 723 2596; x_wconf 75' lang='grc' dir='ltr'><em>ἀναγεγράφθω</em></span> <span class='ocrx_word' id='word_1_180' title='bbox 752 2509 815 2575; x_wconf 76' lang='grc' dir='ltr'><em>ἀπὸ</em></span> <span class='ocrx_word' id='word_1_181' title='bbox 843 2519 902 2594; x_wconf 74' lang='grc' dir='ltr'><em>τῆς</em></span> <span class='ocrx_word' id='word_1_182' title='bbox 924 2513 992 2575; x_wconf 87' lang='grc' dir='ltr'><em>ΒΓ</em></span> <span class='ocrx_word' id='word_1_183' title='bbox 1012 2517 1058 2597; x_wconf 79' lang='grc' dir='ltr'><em>’τῷ</em></span> <span class='ocrx_word' id='word_1_184' title='bbox 1082 2517 1116 2574; x_wconf 90' lang='lat' dir='ltr'><em>A</em></span> 
     </span>
     <span class='ocr_line' id='line_1_23' title="bbox 67 2612 1115 2700; baseline -0.004 -17"><span class='ocrx_word' id='word_1_185' title='bbox 67 2679 69 2683; x_wconf 87' lang='lat'>.</span> <span class='ocrx_word' id='word_1_186' title='bbox 99 2616 217 2699; x_wconf 83' lang='grc' dir='ltr'><em>ὅμοιόν</em></span> <span class='ocrx_word' id='word_1_187' title='bbox 235 2638 270 2680; x_wconf 83' lang='grc' dir='ltr'><em>τε</em></span> <span class='ocrx_word' id='word_1_188' title='bbox 291 2612 347 2680; x_wconf 85' lang='grc' dir='ltr'><em>καὶ</em></span> <span class='ocrx_word' id='word_1_189' title='bbox 365 2615 487 2699; x_wconf 85' lang='grc' dir='ltr'><em>ὁμοίως</em></span> <span class='ocrx_word' id='word_1_190' title='bbox 504 2618 655 2700; x_wconf 90' lang='grc' dir='ltr'><em>κείμενον</em></span> <span class='ocrx_word' id='word_1_191' title='bbox 678 2617 715 2680; x_wconf 83' lang='grc' dir='ltr'><em>τὸ</em></span> <span class='ocrx_word' id='word_1_192' title='bbox 734 2622 777 2680; x_wconf 91' lang='lat' dir='ltr'><em>A.</em></span> <span class='ocrx_word' id='word_1_193' title='bbox 814 2613 946 2680; x_wconf 83' lang='grc' dir='ltr'><em>δέδοται</em></span> <span class='ocrx_word' id='word_1_194' title='bbox 964 2616 1006 2699; x_wconf 79' lang='grc' dir='ltr'><em>δὴ</em></span> <span class='ocrx_word' id='word_1_195' title='bbox 1025 2617 1063 2680; x_wconf 85' lang='grc' dir='ltr'><em>τὸ</em></span> <span class='ocrx_word' id='word_1_196' title='bbox 1081 2622 1115 2679; x_wconf 92' lang='lat' dir='ltr'><em>A</em></span> 
     </span>
     <span class='ocr_line' id='line_1_24' title="bbox 98 2718 1115 2810; baseline -0.001 -24"><span class='ocrx_word' id='word_1_197' title='bbox 98 2731 144 2810; x_wconf 74' lang='grc' dir='ltr'><em>τῷ</em></span> <span class='ocrx_word' id='word_1_198' title='bbox 170 2722 259 2786; x_wconf 90' lang='grc' dir='ltr'><em>είδει.</em></span> <span class='ocrx_word' id='word_1_199' title='bbox 295 2718 352 2785; x_wconf 81' lang='grc' dir='ltr'><em>καὶ</em></span> <span class='ocrx_word' id='word_1_200' title='bbox 375 2718 444 2786; x_wconf 79' lang='grc' dir='ltr'><em>ἐπεὶ</em></span> <span class='ocrx_word' id='word_1_201' title='bbox 467 2721 530 2786; x_wconf 81' lang='grc' dir='ltr'><em>ἀπὸ</em></span> <span class='ocrx_word' id='word_1_202' title='bbox 555 2719 734 2805; x_wconf 86' lang='grc' dir='ltr'><em>δεδομένης</em></span> <span class='ocrx_word' id='word_1_203' title='bbox 752 2721 886 2797; x_wconf 84' lang='grc' dir='ltr'><em>εὐθείας</em></span> <span class='ocrx_word' id='word_1_204' title='bbox 908 2731 966 2806; x_wconf 74' lang='grc' dir='ltr'><em>τῆς</em></span> <span class='ocrx_word' id='word_1_205' title='bbox 983 2724 1052 2785; x_wconf 93' lang='grc' dir='ltr'><em>ΒΓ</em></span> <span class='ocrx_word' id='word_1_206' title='bbox 1069 2731 1115 2809; x_wconf 63' lang='lat' dir='ltr'><em>vg?</em></span> 
     </span>
     <span class='ocr_line' id='line_1_25' title="bbox 98 2822 1116 2914; baseline -0.001 -22"><span class='ocrx_word' id='word_1_207' title='bbox 98 2825 233 2912; x_wconf 85' lang='grc' dir='ltr'><em>μεγέθει</em></span> <span class='ocrx_word' id='word_1_208' title='bbox 256 2825 436 2912; x_wconf 89' lang='grc' dir='ltr'><em>δεδομένον</em></span> <span class='ocrx_word' id='word_1_209' title='bbox 463 2822 551 2904; x_wconf 80' lang='grc' dir='ltr'><em>εἶδος</em></span> <span class='ocrx_word' id='word_1_210' title='bbox 574 2826 818 2914; x_wconf 83' lang='grc' dir='ltr'><em>ἀναγέγραπται</em></span> <span class='ocrx_word' id='word_1_211' title='bbox 846 2827 883 2892; x_wconf 83' lang='grc' dir='ltr'><em>τὸ</em></span> <span class='ocrx_word' id='word_1_212' title='bbox 907 2833 954 2911; x_wconf 91' lang='lat' dir='ltr'><em>A,</em></span> <span class='ocrx_word' id='word_1_213' title='bbox 982 2824 1116 2892; x_wconf 87' lang='grc' dir='ltr'><em>δέδοται</em></span> 
     </span>
     <span class='ocr_line' id='line_1_26' title="bbox 57 2930 1116 3022; baseline 0.002 -27"><span class='ocrx_word' id='word_1_214' title='bbox 57 2945 78 2993; x_wconf 78' lang='lat'><em>:5</em></span> <span class='ocrx_word' id='word_1_215' title='bbox 99 2934 163 3020; x_wconf 85' lang='grc' dir='ltr'><em>όίρα</em></span> <span class='ocrx_word' id='word_1_216' title='bbox 194 2931 249 2997; x_wconf 81' lang='grc' dir='ltr'><em>καὶ</em></span> <span class='ocrx_word' id='word_1_217' title='bbox 282 2935 319 2998; x_wconf 83' lang='grc' dir='ltr'><em>τὸ</em></span> <span class='ocrx_word' id='word_1_218' title='bbox 351 2940 385 2998; x_wconf 92' lang='lat' dir='ltr'><em>A</em></span> <span class='ocrx_word' id='word_1_219' title='bbox 416 2942 462 3022; x_wconf 76' lang='grc' dir='ltr'><em>τῷ</em></span> <span class='ocrx_word' id='word_1_220' title='bbox 494 2932 640 3018; x_wconf 79' lang='grc' dir='ltr'><em>μεγέθει·</em></span> <span class='ocrx_word' id='word_1_221' title='bbox 683 2931 815 2998; x_wconf 83' lang='grc' dir='ltr'><em>δέδοται</em></span> <span class='ocrx_word' id='word_1_222' title='bbox 848 2930 885 2998; x_wconf 73' lang='grc' dir='ltr'><em>δὲ</em></span> <span class='ocrx_word' id='word_1_223' title='bbox 916 2930 971 2997; x_wconf 80' lang='grc' dir='ltr'><em>καί</em></span> <span class='ocrx_word' id='word_1_224' title='bbox 1003 2935 1041 2998; x_wconf 81' lang='grc' dir='ltr'><em>τὸ</em></span> <span class='ocrx_word' id='word_1_225' title='bbox 1068 2941 1116 2998; x_wconf 92' lang='grc' dir='ltr'><em>Α·</em></span> 
     </span>
    </p>
   </div>
   <div class='ocr_carea' id='block_1_4' title="bbox 98 3193 1116 3549">
    <p class='ocr_par' dir='ltr' id='par_1_7' title="bbox 98 3193 1116 3549">
     <span class='ocr_line' id='line_1_27' title="bbox 170 3193 1116 3267; baseline 0 -19"><span class='ocrx_word' id='word_1_226' title='bbox 170 3201 195 3249; x_wconf 86' lang='grc'><em>3.</em></span> <span class='ocrx_word' id='word_1_227' title='bbox 217 3193 318 3250; x_wconf 87' lang='grc' dir='ltr'><em>καί-</em></span> <span class='ocrx_word' id='word_1_228' title='bbox 337 3201 361 3252; x_wconf 78' lang='grc' dir='ltr'><em>ό.</em></span> <span class='ocrx_word' id='word_1_229' title='bbox 382 3197 416 3267; x_wconf 89' lang='grc' dir='ltr'><em>Β]</em></span> <span class='ocrx_word' id='word_1_230' title='bbox 434 3194 479 3249; x_wconf 81' lang='lat' dir='ltr'><em>bis</em></span> <span class='ocrx_word' id='word_1_231' title='bbox 498 3195 572 3264; x_wconf 65' lang='lat' dir='ltr'><em>vat„</em></span> <span class='ocrx_word' id='word_1_232' title='bbox 592 3211 659 3250; x_wconf 79' lang='lat' dir='ltr'>corr.</span> <span class='ocrx_word' id='word_1_233' title='bbox 674 3213 710 3248; x_wconf 88' lang='lat' dir='ltr'><em>m.</em></span> <span class='ocrx_word' id='word_1_234' title='bbox 722 3200 746 3248; x_wconf 79' lang='lat'><em>2.</em></span> <span class='ocrx_word' id='word_1_235' title='bbox 820 3199 844 3248; x_wconf 85' lang='lat'><em>3.</em></span> <span class='ocrx_word' id='word_1_236' title='bbox 865 3193 907 3265; x_wconf 79' lang='grc' dir='ltr'><em>αἱ]</em></span> <span class='ocrx_word' id='word_1_237' title='bbox 927 3211 980 3248; x_wconf 89' lang='lat' dir='ltr'><em>om.</em></span> <span class='ocrx_word' id='word_1_238' title='bbox 998 3193 1026 3248; x_wconf 91' lang='lat' dir='ltr'><em>b.</em></span> <span class='ocrx_word' id='word_1_239' title='bbox 1092 3200 1116 3248; x_wconf 89' lang='lat'><em>6.</em></span> 
     </span>
     <span class='ocr_line' id='line_1_28' title="bbox 98 3264 1116 3392; baseline 0 -74"><span class='ocrx_word' id='word_1_240' title='bbox 98 3268 155 3321; x_wconf 89' lang='grc' dir='ltr'><em>ΕΘ</em></span> <span class='ocrx_word' id='word_1_241' title='bbox 188 3269 244 3322; x_wconf 88' lang='grc' dir='ltr'><em>ΒΘ</em></span> <span class='ocrx_word' id='word_1_242' title='bbox 262 3267 289 3323; x_wconf 89' lang='lat' dir='ltr'><em>b.</em></span> <span class='ocrx_word' id='word_1_243' title='bbox 359 3273 382 3321; x_wconf 88' lang='grc'><em>8.</em></span> <span class='ocrx_word' id='word_1_244' title='bbox 401 3274 451 3321; x_wconf 82' lang='grc' dir='ltr'><em>τοῦ</em></span> <span class='ocrx_word' id='word_1_245' title='bbox 466 3267 540 3392; x_wconf 42' lang='grc' dir='ltr'><em>(μηδὲ</em></span> <span class='ocrx_word' id='word_1_246' title='bbox 559 3265 610 3320; x_wconf 72' lang='grc' dir='ltr'><em>καί</em></span> <span class='ocrx_word' id='word_1_247' title='bbox 621 3273 670 3320; x_wconf 84' lang='grc' dir='ltr'><em>τοῦ</em></span> <span class='ocrx_word' id='word_1_248' title='bbox 689 3265 716 3319; x_wconf 93' lang='lat' dir='ltr'><em>b.</em></span> <span class='ocrx_word' id='word_1_249' title='bbox 783 3265 898 3336; x_wconf 72' lang='lat' dir='ltr'>13(alt.)]</span> <span class='ocrx_word' id='word_1_250' title='bbox 918 3268 971 3318; x_wconf 91' lang='grc' dir='ltr'><em>ΕΒ</em></span> <span class='ocrx_word' id='word_1_251' title='bbox 989 3264 1016 3319; x_wconf 89' lang='lat' dir='ltr'><em>b.</em></span> <span class='ocrx_word' id='word_1_252' title='bbox 1092 3270 1116 3319; x_wconf 84' lang='lat'><em>9.</em></span> 
     </span>
     <span class='ocr_line' id='line_1_29' title="bbox 98 3335 1116 3408; baseline 0 -19"><span class='ocrx_word' id='word_1_253' title='bbox 98 3335 154 3404; x_wconf 83' lang='grc' dir='ltr'><em>όλρα</em></span> <span class='ocrx_word' id='word_1_254' title='bbox 187 3337 288 3392; x_wconf 84' lang='lat' dir='ltr'>01n&#39;.b.</span> <span class='ocrx_word' id='word_1_255' title='bbox 368 3342 408 3392; x_wconf 89' lang='lat'><em>10.</em></span> <span class='ocrx_word' id='word_1_256' title='bbox 429 3335 502 3392; x_wconf 73' lang='grc' dir='ltr'><em>ἐστιν</em></span> <span class='ocrx_word' id='word_1_257' title='bbox 538 3356 620 3406; x_wconf 90' lang='grc' dir='ltr'><em>μοιον</em></span> <span class='ocrx_word' id='word_1_258' title='bbox 638 3337 665 3391; x_wconf 95' lang='lat' dir='ltr'><em>b.</em></span> <span class='ocrx_word' id='word_1_259' title='bbox 743 3336 792 3408; x_wconf 80' lang='grc' dir='ltr'><em>τῷ]</em></span> <span class='ocrx_word' id='word_1_260' title='bbox 811 3343 861 3390; x_wconf 82' lang='grc' dir='ltr'><em>τοῦ</em></span> <span class='ocrx_word' id='word_1_261' title='bbox 880 3336 907 3390; x_wconf 89' lang='lat' dir='ltr'><em>b.</em></span> <span class='ocrx_word' id='word_1_262' title='bbox 986 3341 1028 3390; x_wconf 86' lang='lat'><em>13.</em></span> <span class='ocrx_word' id='word_1_263' title='bbox 1054 3335 1116 3403; x_wconf 87' lang='lat' dir='ltr'>Seq.</span> 
     </span>
     <span class='ocr_line' id='line_1_30' title="bbox 99 3403 1116 3478; baseline 0 -20"><span class='ocrx_word' id='word_1_264' title='bbox 99 3406 253 3462; x_wconf 76' lang='lat' dir='ltr'><strong>demonstr.</strong></span> <span class='ocrx_word' id='word_1_265' title='bbox 273 3408 375 3478; x_wconf 74' lang='lat' dir='ltr'>altera,</span> <span class='ocrx_word' id='word_1_266' title='bbox 394 3424 420 3462; x_wconf 88' lang='lat' dir='ltr'><em>u.</em></span> <span class='ocrx_word' id='word_1_267' title='bbox 441 3425 504 3476; x_wconf 80' lang='lat' dir='ltr'>app.</span> <span class='ocrx_word' id='word_1_268' title='bbox 574 3413 616 3462; x_wconf 78' lang='lat'><em>17.</em></span> <span class='ocrx_word' id='word_1_269' title='bbox 635 3407 740 3478; x_wconf 76' lang='grc' dir='ltr'><em>καὶτῷ</em></span> <span class='ocrx_word' id='word_1_270' title='bbox 760 3403 960 3477; x_wconf 46' lang='grc' dir='ltr'><em>μεγίθει],οω.</em></span> <span class='ocrx_word' id='word_1_271' title='bbox 980 3405 1008 3460; x_wconf 90' lang='lat' dir='ltr'><em>b.</em></span> <span class='ocrx_word' id='word_1_272' title='bbox 1075 3410 1116 3459; x_wconf 84' lang='lat'><em>18.</em></span> 
     </span>
     <span class='ocr_line' id='line_1_31' title="bbox 98 3475 1116 3549; baseline -0.003 -15"><span class='ocrx_word' id='word_1_273' title='bbox 98 3477 199 3547; x_wconf 74' lang='grc' dir='ltr'><em>αὐτοῦ]</em></span> <span class='ocrx_word' id='word_1_274' title='bbox 221 3486 268 3532; x_wconf 83' lang='grc' dir='ltr'><em>-οῦ</em></span> <span class='ocrx_word' id='word_1_275' title='bbox 287 3495 355 3534; x_wconf 78' lang='lat' dir='ltr'>corr.</span> <span class='ocrx_word' id='word_1_276' title='bbox 376 3494 410 3532; x_wconf 88' lang='lat' dir='ltr'><em>ex</em></span> <span class='ocrx_word' id='word_1_277' title='bbox 428 3487 480 3533; x_wconf 84' lang='grc' dir='ltr'><em>-ῶν</em></span> <span class='ocrx_word' id='word_1_278' title='bbox 498 3496 534 3533; x_wconf 89' lang='lat' dir='ltr'><em>m.</em></span> <span class='ocrx_word' id='word_1_279' title='bbox 554 3483 570 3532; x_wconf 82' lang='lat'><strong>2</strong></span> <span class='ocrx_word' id='word_1_280' title='bbox 589 3478 653 3532; x_wconf 72' lang='lat' dir='ltr'>Vat.</span> <span class='ocrx_word' id='word_1_281' title='bbox 723 3475 793 3532; x_wconf 80' lang='grc' dir='ltr'><em>εἰσίν</em></span> <span class='ocrx_word' id='word_1_282' title='bbox 812 3477 842 3532; x_wconf 85' lang='grc' dir='ltr'><em>Ρ.</em></span> <span class='ocrx_word' id='word_1_283' title='bbox 908 3482 950 3532; x_wconf 75' lang='grc'><em>21.</em></span> <span class='ocrx_word' id='word_1_284' title='bbox 969 3477 1020 3549; x_wconf 80' lang='grc' dir='ltr'><em>τῷ]</em></span> <span class='ocrx_word' id='word_1_285' title='bbox 1039 3475 1071 3532; x_wconf 86' lang='grc' dir='ltr'><em>τό</em></span> <span class='ocrx_word' id='word_1_286' title='bbox 1086 3476 1116 3531; x_wconf 93' lang='lat' dir='ltr'><em>P.</em></span> 
     </span>
    </p>
   </div>
   <div class='ocr_carea' id='block_1_5' title="bbox 0 0 1208 3840">
    <p class='ocr_par' dir='ltr' id='par_1_8' title="bbox 0 0 1208 3840">
     <span class='ocr_line' id='line_1_32' title="bbox 0 0 1208 3840; baseline 0 0"><span class='ocrx_word' id='word_1_287' title='bbox 0 0 1208 3840; x_wconf 95' lang='lat' dir='ltr'><em> </em></span> 
     </span>
    </p>
   </div>
  </div>
 </body>
</html>
