2400 3840
505 128 710 180 ΔΒΔΟΜΒΝΑ.

578 320 639 404 ἕν’·

145 444 223 510 Ἐάν
241 448 407 530 τρίγωνον
425 455 470 532 τῷ
490 445 571 508 εῖδει
590 443 771 528 δεδομένον
790 439 821 530 ᾗ,
844 445 881 508 τὸ
901 443 965 508 ἀπὸ
983 442 1122 530 ἑκάστης

103 564 170 616 τῶν
188 557 343 637 πλευρῶν
361 551 464 615 αὐτοῦ
483 552 566 638 πρὸς
584 552 620 615 τὸ
639 554 806 635 τρίγωνον
824 552 926 631 λόγον
944 548 1008 626 ἔξει
1025 553 1120 617 δεδο-

103 655 214 741 μένον.

69 774 84 822 5
171 767 252 828 ἔστω
281 766 446 848 τρίγωνον
475 760 654 845 δεδομένον
682 771 727 849 τῷ
752 762 833 825 είδει
856 763 893 825 τὸ
916 766 1031 845 ΑΒΓ,
1064 763 1120 827 καὶ

104 869 352 955 ἀναγεγράφθω
377 868 440 933 ἀπὸ
464 866 600 951 ἑκάστης
623 878 690 932 τῶν
707 872 861 952 πλευρῶν
882 867 986 932 αὐτοῦ
1005 870 1119 954 τετρά-

104 998 194 1056 γωνα
225 976 265 1039 τά
288 980 363 1058 ΕΒ,
382 978 453 1057 ΓΛ,
473 977 548 1038 ΓΖ·
581 972 681 1056 λέγω,
708 973 760 1038 ὅτι
786 971 926 1037 ἕκαστον
952 984 1020 1038 τῶν
1043 980 1118 1059 ΕΒ,

104 1084 175 1164 ΓΔ,
191 1084 252 1151 ΓΖ
270 1082 353 1166 πρὸς
370 1081 408 1144 τὸ
423 1082 528 1143 ΑΒΓ
546 1083 710 1164 τρίγωνον
729 1081 830 1160 λόγον
848 1076 911 1156 ἕξει
928 1080 1117 1163 δεδομένον.

170 1183 240 1250 ε’πελ
268 1186 331 1270 γάρ
360 1184 423 1249 ἀπὸ
452 1194 509 1268 τῆς
536 1185 638 1268 αὐτῆς
668 1184 803 1260 εὐθείας
834 1193 892 1268 τῆς
920 1189 988 1249 ΒΓ
1015 1186 1118 1250 εὐθύ-

53 1301 86 1348 10
105 1314 237 1375 γραμμα
261 1289 422 1373 δεδομένα
446 1299 491 1376 τῷ
511 1291 591 1353 είδει
612 1288 866 1373 ἀναγέγραπται,
890 1289 910 1354 ά
930 1293 1054 1375 ἔτυχεν,
1078 1293 1119 1356 τά

103 1400 213 1478 ΑΒΓ,
234 1399 304 1478 ΓΔ,
328 1399 427 1476 λόγος
449 1396 513 1481 ἀρα
536 1404 596 1459 τοῦ
619 1399 725 1460 ΑΒΓ
742 1397 826 1482 πρὸς
848 1397 885 1460 τὸ
909 1399 970 1459 ΓΔ
993 1398 1117 1472 δοθείς.

104 1503 160 1566 διὰ
184 1503 223 1566 τά
252 1502 336 1566 αὐτὰ
360 1502 401 1585 δὴ
429 1499 484 1565 καλ
512 1499 667 1587 ἑκατέρου
696 1512 762 1566 τῶν
785 1505 864 1583 ΕΒ,
886 1504 951 1564 ΖΓ
974 1503 1057 1586 πρὸς
1081 1504 1118 1567 τὸ

103 1613 209 1673 ΑΒΓ
227 1611 391 1694 τρίγωνον
415 1610 513 1689 λόγος
536 1606 605 1671 ἐστὶ
628 1609 751 1683 δεθείς.

577 1798 640 1877 ξδ’.

50 1933 82 1982 16
166 1923 242 1989 Ἐάν
266 1928 432 2011 τρίγωνον
456 1924 615 2008 ἀμβλεῖαν
638 1926 694 2008 ἔχη
718 1927 845 2004 γωνίαν
868 1921 1066 2008 δεδομένην,
1091 1918 1118 2012 ᾧ

102 2034 212 2114 μεῖζον
241 2032 382 2095 δύναται
414 2030 434 2114 ἡ
462 2032 524 2114 την
551 2029 711 2113 ἀμβλεῖαν
739 2032 865 2111 γωνίαν
896 2030 1118 2095 ὑποτείνουσα

102 2137 228 2221 πλευρά
256 2147 324 2200 τῶν
346 2137 408 2219 την
431 2134 591 2219 ἀμβλεῖαν
618 2138 745 2217 γωνίαν
772 2147 996 2221 περιεχουσῶν
1018 2140 1118 2200 πλευ-

104 2254 187 2326 ρῶν,
221 2241 326 2305 έκεῖνο
354 2242 391 2304 τὸ
419 2244 544 2327 χωρίον
570 2242 654 2327 πρὸς
676 2242 714 2306 τὸ
737 2244 902 2327 τρίγωνον
929 2243 1031 2322 λόγον
1053 2239 1118 2319 ἕξει

103 2346 292 2430 δεδομένον.

49 2463 83 2511 20
169 2455 252 2517 έστω
285 2455 450 2536 τρίγωνον
481 2451 715 2535 ἀμβλυγώνιον
749 2454 786 2517 τὸ
819 2456 925 2517 ΑΒΓ
957 2452 1116 2536 ἀμβλεῖαν

102 2559 229 2638 γωνίαν
243 2560 319 2640 ε”χον
337 2557 399 2640 την
416 2557 482 2622 ὑπὸ
496 2568 564 2622 τῶν
577 2562 683 2622 ΑΒΓ
701 2556 893 2642 δεδομένην,
911 2556 966 2622 καλ
985 2560 1115 2643 διήχθω

103 2660 153 2727 ἐπ’
170 2662 304 2737 εὐθείας
322 2670 380 2746 τῆς
399 2665 467 2726 ΒΓ
480 2663 596 2728 εὐθεῖα
614 2664 722 2748 ἡΒΔ,
740 2662 795 2728 καὶ
813 2665 907 2747 ἤχθω
927 2663 991 2728 ἀπὸ
1008 2673 1068 2729 τοῦ
1083 2672 1116 2730 Α

103 2767 156 2833 ε’πλ
179 2770 240 2852 την
264 2772 325 2832 ΓΑ
346 2768 487 2845 κάθετος
509 2769 529 2852 ἡ
553 2776 631 2834 ΑΛ·
656 2769 755 2853 λέγω,
779 2770 840 2851 ὅτι,
863 2763 890 2856 β
912 2773 1022 2853 μεῖζόν
1046 2770 1117 2836 ἐστι

175 3037 199 3084 3.
218 3040 274 3085 τῶν
293 3031 431 3102 πλευρῶν]
450 3038 500 3100 τῆς
511 3030 683 3118 πλευρᾶςλ).
742 3030 811 3083 Post
829 3031 917 3084 αὐτοῦ
936 3030 1001 3084 add
1019 3049 1083 3100 τετρ
1085 3029 1118 3084 ά-

104 3123 195 3172 γωνον
213 3102 279 3156 Vab.
285 3118 310 3155 v.
371 3106 395 3155 5.
414 3098 569 3168 δεδομένον
587 3106 625 3173 τῷ
645 3099 725 3172 εἴδει]
745 3117 798 3154 om.
817 3100 844 3156 b
900 3107 924 3154 6.
944 3051 1118 3227 τετράγωνοῼ

105 3190 193 3240 comp
212 3172 277 3226 Vat.
369 3176 394 3226 8.
421 3173 481 3242 ΓΔ]
505 3155 614 3226 APb.
695 3172 796 3241 ΑΒΓ]
822 3175 848 3224 Γ
870 3171 935 3225 add.
958 3189 987 3225 m
1015 3171 1096 3227 2Va

129 3242 206 3330 ἕξει]
233 3243 309 3332 ἔχει
311 3243 339 3297 b
430 3248 453 3296 9.
478 3242 555 3366 aab}
576 3259 629 3295 om.
648 3240 675 3294 b.
767 3247 808 3295 10.
833 3240 903 3295 είδει
927 3241 990 3313 έτυχ
992 3261 1023 3297 εν
1046 3243 1119 3299 ἀνα·

104 3331 258 3396 γεγραπτοιι
275 3313 310 3368 τά
329 3312 483 3384 (Scomb.
553 3331 618 3383 τνχε
635 3311 700 3366 vat.
763 3318 803 3366 11.
823 3263 999 3384 ABP(alt)]
1022 3314 1117 3368 ΓΔΙ).

140 3385 183 3454 τό]
203 3391 256 3438 om
276 3384 306 3438 P.
399 3385 459 3455 ΓΔ]
485 3388 558 3437 ΓΑΒ
576 3381 713 3452 τρίγωνον
732 3382 888 3469 (comp.)b.
980 3389 1022 3438 16.
1045 3384 1118 3439 ὑπο-

103 3451 245 3526 τείνουσα]
264 3476 314 3509 -οιν
333 3473 363 3524 v,
384 3453 438 3509 del
453 3476 470 3509 ν
488 3472 524 3507 m.
540 3460 563 3507 2.
641 3458 684 3507 21
704 3450 810 3523 γωνίαν
831 3452 960 3525 έχον]Ρ,
979 3474 1027 3509 -ον
1046 3471 1117 3512 corr.

48 3542 81 3624 ἱ
