2400 3840
136 173 200 236 124
293 138 295 142 Β
537 175 742 227 ΔΕΔοΜΕαΑ.

134 317 276 399 άλληλος
306 315 327 398 η
355 320 431 381 ΒΕ.
486 314 542 380 καῖ
574 314 643 380 ἐπεὶ
673 322 726 398 ἴση
756 315 845 381 ἐστὶν
872 315 892 397 ἡ
917 321 982 379 ΑΛ
1009 324 1049 401 τῇ
1074 319 1148 399 AF,

136 429 190 506 ἴση
209 425 274 508 ἄρα
293 420 362 486 ἐστὶ
380 420 435 486 καὶ
454 421 554 504 ηΛΒ
579 432 618 508 τῇ
632 427 709 486 ΒΕ.
741 420 797 486 καὶ
816 423 948 505 διῆκταί
964 444 1014 497 τις
1033 422 1149 504 ἡΒΓ·

135 531 172 593 τὸ
201 531 265 614 ἄρα
291 528 356 593 ὑπὸ
385 538 453 592 τῶν
479 532 584 592 ΔΓΕ
612 529 692 612 μετὰ
719 537 779 592 τοῦ
807 526 870 591 ἀπὸ
899 536 957 610 της
979 530 1048 590 ΒΓ
1076 533 1151 591 ἴσον

137 632 206 699 ἐστὶ
228 644 274 720 τῷ
298 634 361 699 ἀπὸ
385 643 443 717 τῆς
465 638 536 698 ΒΔ,
583 640 637 716 ἴση
662 630 698 698 δὲ
721 632 741 715 ἡ
764 638 831 697 AA
853 642 892 719 τῇ
911 637 995 697 ΑΓ·
1024 635 1061 697 τὸ
1086 635 1151 718 ἄρα

101 740 200 805 5ἀπὸ
229 738 483 826 συναμφοτέρου
509 749 567 823 της
589 742 691 803 ΒΑΓ
719 744 793 803 ἴσον
821 736 890 803 ἐστὶ
917 747 962 826 τῷ
989 739 1055 802 ὑπὸ
1084 750 1153 803 τῶν

136 853 169 910 A
176 850 239 910 ΓΕ
260 847 340 930 μετὰ
362 855 422 911 τοῦ
446 846 510 911 ἀπὸ
534 855 592 928 τῆς
614 849 694 910 ΒΓ·
724 846 807 909 ὥστε
830 846 867 909 τὸ
890 844 954 909 ἀπὸ
979 861 1152 928 συναμφο-

137 951 235 1037 τέρου
258 961 316 1035 της
339 956 440 1016 ΒΑΓ
457 960 517 1017 τοῦ
542 951 605 1016 ἀπὸ
629 960 688 1034 τῆς
706 955 773 1015 ΒΓ
791 953 901 1035 μεῖζόν
925 950 993 1015 ἐστι
1016 960 1062 1037 τῷ
1086 950 1151 1014 ὑπὸ

138 1069 205 1122 τῶν
222 1063 256 1122 A
262 1061 332 1121 ΓΕ.

205 1162 289 1245 λέγω
318 1163 375 1245 δη,
408 1164 460 1228 ὅτι
487 1171 547 1226 τοῦ
574 1162 639 1226 ὑπὸ
668 1172 735 1226 τῶν
758 1166 861 1226 ΔΓΕ
885 1163 969 1247 πρὸς
990 1162 1027 1225 τὸ
1052 1164 1158 1225 ΑΒΓ

86 1286 119 1334 10
138 1272 302 1353 τρίγωνον
325 1271 423 1349 λόγος
447 1265 516 1332 ἐστὶ
540 1268 662 1343 domes.

206 1372 275 1438 ἐπεὶ
303 1375 366 1460 γὰρ
395 1374 534 1438 δοθεῖσα
560 1373 650 1438 ἐστιν
678 1373 698 1457 η
725 1373 791 1438 ὑπὸ
819 1384 886 1438 τῶν
910 1376 1010 1437 ΒΑΓ
1038 1376 1154 1455 γωνία,

99 1463 104 1475 ’
139 1478 194 1543 καῖ
217 1480 237 1562 ἡ
261 1478 378 1563 ἐφεξῆς
396 1482 460 1566 ἄρα
479 1478 499 1561 ἡ
518 1479 583 1544 ὑπὸ
603 1490 671 1544 τῶν
689 1484 793 1544 ΛΑΓ
811 1479 880 1544 ἐστι
898 1479 1048 1543 δοθεῖσα.
1086 1481 1155 1542 ἔστι

140 1582 177 1649 δὲ
204 1584 259 1649 καῖ
288 1584 423 1672 ἑκατέρα
452 1596 520 1650 τῶν
547 1585 613 1650 ὑπὸ
641 1595 709 1650 τῶν
736 1589 850 1668 ΑΔΓ,
873 1588 973 1649 ΔΓΑ
1000 1585 1154 1648 δοθεῖσα·

140 1691 284 1776 ἡμίσειαι
307 1691 370 1777 γόρ
395 1694 458 1756 εἴσι
482 1701 540 1775 της
561 1692 628 1756 ὑπὸ
652 1701 720 1755 τῶν
737 1694 850 1755 ΒΑΓ·
876 1688 1026 1774 [δέδοται.
1047 1692 1111 1772 γὰρ
1134 1689 1154 1772 ἡ

88 1813 121 1861 15
139 1798 205 1862 ὑπὸ
229 1798 357 1882 BAF·]
383 1796 514 1862 δέδοται
537 1799 601 1883 ἄρα
625 1799 662 1861 τὸ
680 1800 785 1861 ΔΑΓ
802 1800 968 1882 τρίγωνον
990 1805 1036 1882 τῷ
1061 1797 1156 1860 εἴδει·

141 1907 239 1986 λόγος
266 1907 330 1989 ἄρα
359 1902 428 1968 ἐστὶ
456 1913 514 1986 της
536 1909 602 1968 AA
629 1904 713 1988 πρὸς
735 1905 796 1986 τὴν
819 1906 891 1967 AF
913 1903 1039 1977 δοθείς
1073 1903 1156 1967 ὥστε

141 2009 196 2074 καὶ
218 2019 279 2074 τοῦ
303 2009 366 2074 ἀπὸ
390 2018 447 2092 της
466 2014 532 2073 ΑΛ
554 2010 637 2094 πρὸς
659 2010 696 2073 τὸ
721 2008 784 2072 ἀπὸ
806 2018 864 2091 της
881 2012 953 2072 AF
970 2011 1069 2090 λόγος
1088 2005 1157 2073 ἐστὶ

142 2117 264 2192 δοθείς.
315 2114 370 2180 καὶ
398 2113 467 2180 ἐπεὶ
490 2115 535 2191 ὡς
563 2115 669 2197 ἡΒΑ
696 2115 779 2200 πρὸς
806 2116 868 2197 τὴν
890 2120 971 2197 ΑΛ,
1004 2113 1111 2189 οὕτως
1136 2113 1156 2196 ἡ

141 2226 210 2287 ΕΓ
227 2223 310 2307 πρὸς
328 2224 389 2305 την
409 2225 478 2303 ΓΛ,
502 2219 575 2285 ἀλλ’
597 2221 642 2296 ὡς
660 2217 720 2304 μὲν
738 2219 758 2302 ἡ
773 2223 836 2284 ΒΑ
854 2221 937 2305 πρὸς
951 2225 1026 2304 ΑΛ,
1051 2221 1158 2295 οὕτως

88 2342 123 2391 20
142 2330 179 2392 τὸ
201 2328 267 2392 ὑπὸ
290 2333 363 2410 ΒΑ,
383 2333 449 2392 ΑΛ
471 2328 554 2411 πρὸς
577 2327 614 2391 τὸ
638 2326 701 2390 ἀπὸ
721 2331 797 2408 ΑΔ,
822 2326 866 2401 ὡς
889 2321 926 2389 δὲ
948 2324 968 2407 ἡ
988 2328 1056 2388 ΕΓ
1074 2326 1158 2410 πρὸς

144 2436 219 2515 FA,
248 2433 353 2509 οὕτως
380 2434 417 2496 τὸ
445 2432 511 2496 ὑπὸ
539 2442 607 2496 τῶν
629 2436 707 2515 ΕΓ,
732 2435 793 2496 FA
819 2433 903 2516 πρὸς
929 2433 967 2495 τὸ
995 2430 1059 2495 ἀπὸ
1085 2434 1157 2514 ΓΛ,

142 2536 198 2602 καὶ
217 2539 262 2613 ὡς
284 2541 349 2624 ἄρα
367 2539 404 2602 τὸ
422 2537 488 2602 ὑπὸ
507 2548 575 2601 τῶν
592 2541 666 2621 BA,
681 2544 747 2601 AA
769 2538 852 2623 πρὸς
869 2537 906 2601 τὸ
926 2535 989 2600 ἀπὸ
1009 2545 1067 2618 της
1081 2541 1158 2620 ΔΑ,

143 2645 249 2719 οὕτως
276 2646 312 2708 τὸ
340 2644 405 2708 ὑπὸ
433 2654 501 2708 τῶν
523 2647 620 2708 ΕΓΔ
646 2645 730 2729 πρὸς
756 2645 793 2707 τὸ
822 2643 886 2707 ἀπὸ
914 2651 972 2725 της
996 2645 1069 2705 FA·
1102 2640 1159 2706 καὶ

144 2748 298 2834 ἐναλλάξ,
324 2750 368 2826 ὡς
390 2753 455 2835 ἄρα
477 2750 514 2813 τὸ
538 2749 603 2814 ὑπὸ
626 2760 694 2813 τῶν
717 2752 814 2813 BAA
835 2750 919 2834 πρὸς
940 2749 978 2812 τὸ
1000 2747 1066 2812 ὑπὸ
1090 2759 1159 2813 τῶν

91 2868 125 2917 25
144 2860 255 2940 ΕΓΔ,
288 2856 394 2931 οὕτως
420 2857 457 2918 τὸ
486 2854 549 2919 ἀπὸ
573 2864 630 2937 τῆς
653 2860 719 2918 ΑΛ
746 2855 829 2939 πρὸς
852 2855 889 2918 τὸ
913 2853 977 2918 ἀπὸ
1000 2862 1059 2935 τῆς
1081 2856 1158 2918 AF.

144 2966 242 3045 λόγος
270 2958 306 3026 δὲ
329 2970 389 3025 τοῦ
412 2960 476 3025 ἀπὸ
500 2969 557 3043 τῆς
580 2965 647 3024 ΑΛ
673 2961 757 3045 πρὸς
779 2961 816 3024 τὸ
840 2959 903 3024 ἀπὸ
927 2968 984 3042 τῆς
1007 2962 1080 3024 AF
1103 2959 1160 3023 ὃο-

144 3073 230 3145 θείς·
259 3071 357 3150 λόγος
380 3069 444 3152 ἄρα
466 3065 523 3130 καὶ
545 3075 605 3131 τοῦ
628 3066 693 3130 ὑπὸ
718 3077 785 3130 τῶν
808 3070 904 3130 BAA
925 3067 1009 3150 πρὸς
1031 3066 1069 3129 τὸ
1092 3065 1160 3130 ὑπὸ

144 3186 212 3239 τῶν
235 3178 332 3239 EFA
356 3174 478 3248 ὃοθείς.
526 3178 579 3255 ἴση
604 3168 641 3236 δὲ
664 3173 684 3255 ἡ
707 3177 773 3236 AA
796 3180 836 3257 τῇ
859 3175 941 3236 ΑΓ·
972 3173 1072 3252 λόγος
1094 3173 1161 3256 ἄρα

153 3301 356 3312 ,θῇ-...-

218 3372 241 3419 1.
260 3365 278 3434 ἡ
298 3365 368 3435 ΒΕ]
388 3382 443 3433 mg.
462 3382 498 3417 m.
520 3370 534 3416 1
554 3363 584 3417 P.
658 3368 681 3416 2.
702 3359 751 3417 καῖ
765 3363 838 3433 (pr.)]
859 3378 943 3432 supra
962 3360 1026 3416 add.
1044 3379 1080 3416 m.
1097 3368 1113 3415 2
1133 3380 1159 3416 v.

183 3441 206 3489 5.
227 3434 288 3490 ἴσον
307 3466 341 3476 —
360 3441 384 3489 6.
404 3436 507 3501 ΔΓΕ]
527 3433 571 3486 bis
590 3434 620 3487 P.
686 3439 727 3487 12.
748 3432 822 3487 ἐστιν
840 3451 866 3487 v.
932 3431 1005 3486 ἔστιν
1023 3450 1049 3485 v.
1117 3437 1158 3487 14.

147 3504 261 3560 δέδοται
274 3505 327 3575 γὰρ
341 3505 359 3574 η
373 3505 428 3559 ὑπὸ
440 3510 484 3557 BA
492 3505 533 3575 F]
550 3503 638 3558 deleo.
695 3510 736 3558 27.
757 3502 880 3572 λόγος-
891 3508 933 3557 28.
949 3499 1058 3574 ὃοθείς]
1070 3519 1124 3558 om.
1132 3521 1160 3559 v·
