2400 3840
109 195 176 260 214
525 196 716 249 ΑΡΡιιαοιΧ.

109 339 165 405 καὶ
188 338 258 405 ἐπεὶ
281 345 335 423 ἴση
359 336 449 404 ἐστὶν
472 340 492 423 ἡ
516 338 582 404 ὑπὸ
605 342 707 403 BAF
729 347 768 424 τῇ
791 328 998 420 ὑπόΛΕΓ,
1030 339 1130 421 κοινὴ

110 444 148 511 δὲ
174 447 194 531 ἡ
222 446 287 511 ὑπὸ
316 449 421 511 ΑΒΓ
447 454 507 509 τοῦ
536 450 640 510 ΔΒΕ
671 446 836 531 τριγώνου
864 439 949 510 οὖσα
981 440 1038 507 καλ
1066 452 1129 508 τοῦ

110 557 178 617 AB
185 557 225 637 F,
258 554 356 636 λοιπὴ
385 554 449 640 ἄρα
476 553 496 636 ἡ
523 551 589 616 ὑπὸ
618 555 717 616 ΒΔΕ
747 556 845 636 λοιπῇ
873 559 912 636 τῇ
939 549 1005 614 ὑπὸ
1031 554 1130 614 BFA

110 659 200 724 ἐστιν
225 666 292 743 ἴση·
317 659 495 741 ἰσογώνιον
518 659 583 743 ἄρα
601 658 638 722 τὸ
657 661 760 722 ΒΔΕ
778 661 943 743 τρίγωνον
961 665 1007 743 τῷ
1026 662 1061 720 A
1066 661 1137 721 BF

76 767 276 852 ὅτριγώνφ·
309 767 400 830 ἔστιν
428 766 492 850 ἄρα
515 763 560 840 ὡς
583 764 603 847 ἡ
625 767 689 828 ΕΒ
717 763 801 847 πρὸς
827 764 888 846 τὴν
912 767 989 847 BA,
1022 764 1131 841 οὕτως

110 872 131 954 ἡ
154 877 221 936 AB
244 873 327 957 πρὸς
350 874 429 936 ΒΓ·
457 872 495 935 τὸ
518 871 583 955 ἄρα
605 869 671 934 ὑπὸ
694 879 762 934 τῶν
786 873 860 952 ΕΒ,
880 873 952 952 ΒΓ,
975 869 1130 935 τουτέστι

110 978 147 1042 τὸ
175 979 240 1043 ὑπὸ
269 990 336 1042 τῶν
358 981 456 1043 ΕΓΒ
484 978 564 1061 μετὰ
591 984 652 1041 τοῦ
680 974 744 1040 ἀπὸ
767 985 825 1059 τῆς
849 979 926 1059 ΓΒ,
959 981 1034 1041 ἴσον
1059 974 1130 1042 ἐστὶ

110 1094 156 1171 τῷ
176 1084 239 1149 ἀπὸ
257 1089 329 1166 BA,
348 1081 498 1148 τουτέστι
516 1092 562 1170 τῷ
582 1082 646 1148 ἀπὸ
665 1079 920 1168 συναμφοτέρου
939 1091 998 1166 τῆς
1011 1086 1129 1147 ΒΑΓ·

110 1194 164 1271 έση
188 1190 251 1274 γάρ
276 1188 365 1254 ἐστιν
388 1189 409 1271 ἡ
432 1193 498 1253 AA
520 1199 560 1274 τῇ
584 1192 667 1252 ΑΓ·
698 1190 736 1253 τὸ
761 1189 825 1274 ἄρα
847 1188 913 1253 ὑπὸ
936 1198 1004 1252 τῶν
1027 1191 1128 1253 ΕΓΒ
1165 1255 1168 1259 ,

57 1304 91 1353 10
109 1295 189 1378 μετὰ
212 1303 272 1358 τοῦ
296 1294 359 1359 ἀπὸ
375 1299 437 1378 ’της
456 1298 517 1359 ΓΒ
541 1299 616 1358 ἴσον
634 1293 704 1359 ἐστὶ
722 1305 768 1382 τῷ
787 1294 851 1360 ἀπὸ
869 1293 1129 1379 συναμφοτέρου

109 1409 167 1483 της
190 1404 303 1465 ΒΑΓ·
335 1401 373 1466 τὸ
402 1401 466 1486 ἄρα
489 1399 553 1466 ἀπὸ
577 1399 832 1486 συναμφοτέρου
860 1409 919 1485 τῆς
941 1403 1044 1465 ΒΑΓ
1065 1409 1128 1465 τοῦ

110 1505 173 1570 ἀπὸ
197 1515 255 1590 της
277 1510 346 1572 ΒΓ
362 1505 514 1593 ὑπερέχει
537 1516 583 1594 τῷ
606 1507 671 1571 ὑπὸ
695 1517 762 1571 τῶν
785 1509 892 1571 ΒΓΕ.

176 1612 260 1696 λέγω
285 1609 357 1697 οὖν,
380 1614 432 1678 ὅτι
455 1616 554 1696 λόγος
576 1611 646 1678 ἐστὶ
669 1622 729 1677 τοῦ
751 1613 817 1677 ὑπὸ
835 1624 902 1678 τῶν
921 1616 1022 1677 ΒΓΕ
1041 1615 1129 1699 πρὸς

109 1720 146 1782 τὸ
170 1723 277 1784 ΑΒΓ
293 1722 458 1805 τρίγωνον
482 1720 605 1796 ὃοθείς.

57 1833 90 1882 15
177 1821 246 1889 ἐπεὶ
265 1825 328 1911 γὰρ
348 1830 402 1908 ἴση
422 1823 512 1890 ἐστὶν
531 1826 551 1909 ἡ
569 1825 635 1889 ὑπὸ
650 1829 713 1888 BA
718 1830 749 1888 Ε
765 1827 870 1906 γωνία
884 1835 923 1911 τῇ
937 1824 1003 1890 ὑπὸ
1018 1830 1048 1890 Β
1054 1830 1128 1911 FA,

110 1923 158 1994 ὧν
181 1931 201 2014 ἡ
223 1930 289 1995 ὑπὸ
313 1935 417 1996 AAF
439 1941 478 2017 τῇ
501 1931 568 1996 ὑπὸ
591 1938 623 1996 Α
630 1935 690 1996 FA
717 1930 807 1995 ἐστιν
832 1936 901 2014 ἴση,
934 1934 1031 2016 λοιπὴ
1060 1934 1128 2018 ἄρα

108 2035 129 2117 ἡ
152 2036 217 2101 ὑπὸ
243 2040 341 2101 ΓΔΕ
366 2042 464 2123 λοιπῇ
487 2048 526 2123 τῇ
549 2037 614 2102 ὑπὸ
638 2041 739 2102 ΑΓΒ
767 2037 857 2103 ἐστιν
884 2043 947 2120 ἴση.
992 2040 1064 2103 ἔστι
1088 2036 1128 2104 δὲ

108 2141 164 2205 καὶ
187 2142 207 2224 ἡ
230 2142 295 2207 ὑπὸ
319 2147 427 2207 ΔΕΓ
442 2153 482 2229 τῇ
505 2144 570 2208 ὑπὸ
590 2147 695 2208 ΑΖΓ
713 2149 781 2227 ἴση·
805 2145 903 2228 λοιπὴ
927 2145 991 2230 ἄρα
1014 2143 1034 2227 ἡ
1059 2144 1127 2210 ὑπὸ

111 2251 210 2312 ΖΑΓ
233 2253 332 2333 λοιπῇ
354 2259 394 2335 τῇ
417 2249 483 2313 ὑπὸ
506 2254 539 2313 A
546 2252 609 2314 FB
634 2249 724 2314 ἐστιν
748 2255 811 2332 ἴση.
859 2249 1037 2332 ἰσογώνιον
1061 2252 1129 2339 ἄρα

55 2362 90 2411 20
110 2351 178 2417 ἐστὶ
201 2354 238 2416 τὸ
258 2356 365 2417 ΑΖΓ
380 2357 545 2439 τρίγωνον
563 2364 609 2442 τῷ
628 2359 734 2420 AEF
751 2356 917 2443 τριγώνῳ·
940 2358 1031 2421 ἔστιν
1050 2359 1127 2443 ἄρα,

108 2457 154 2533 ὡς
176 2457 196 2540 ἡ
221 2462 281 2523 ΓΑ
303 2460 387 2544 πρὸς
408 2461 470 2543 την
492 2466 570 2544 AZ,
594 2461 699 2538 οὕτως
721 2461 742 2545 ἡ
766 2465 838 2527 AF
855 2463 939 2547 πρὸς
962 2466 1039 2528 ΓΕ·
1070 2463 1127 2530 καλ

108 2561 246 2640 ε’ναλλολξ
269 2565 350 2649 ἄρα,
378 2565 423 2641 ὡς
445 2565 465 2649 ἡ
490 2570 551 2631 ΓΑ
577 2569 660 2655 πρὸς
686 2569 748 2653 τὴν
771 2572 853 2653 AF,
880 2568 986 2646 οὕτως
1013 2570 1034 2654 ἡ
1058 2576 1125 2636 ΑΖ

106 2669 190 2753 πρὸς
207 2670 268 2752 τὴν
288 2671 358 2733 ΓΕ.
395 2673 493 2753 λόγος
515 2669 553 2737 δὲ
570 2681 629 2757 τῆς
646 2679 680 2738 Α
686 2677 718 2738 Γ
735 2675 819 2759 πρὸς
835 2675 897 2758 τὴν
915 2677 977 2739 FA
996 2676 1125 2754 ὃοθείς·

107 2776 205 2857 λόγος
222 2776 287 2861 ἄρα
305 2774 362 2841 καὶ
379 2787 437 2862 τῆς
453 2785 519 2843 ΑΖ
541 2782 624 2866 πρὸς
646 2782 708 2865 την
732 2784 796 2846 ΓΕ
816 2782 940 2857 domis.

53 2889 87 2938 25
175 2883 270 2966 ἤχθω
294 2882 358 2950 ἀπὸ
382 2893 442 2950 τοῦ
465 2892 498 2950 Α
521 2883 574 2951 έπλ
597 2887 658 2971 τὴν
681 2890 750 2952 ΒΓ
766 2887 908 2964 κάθετος
930 2887 951 2971 ἡ
973 2892 1056 2953 ΑΗ.

173 2986 228 3052 καὶ
252 2986 321 3054 ἐπεὶ
344 2991 485 3057 ὃοθεϊσοί
508 2991 598 3058 ἐστιν
625 2992 646 3076 ἡ
669 2992 735 3058 ὑπὸ
758 2999 791 3057 Α
798 2996 873 3077 ΖΓ,
905 2995 975 3059 ἔστι
1003 2991 1042 3060 δὲ
1068 2992 1124 3060 καὶ

103 3149 318 3161 ——————

177 3257 200 3305 1.
224 3252 291 3324 ὑπό]
315 3253 370 3308 ὑπὸ
394 3262 450 3308 τῶν
472 3254 504 3323 b,
534 3253 602 3309 item
621 3253 670 3310 lin.
690 3261 715 3310 Β.
807 3261 832 3310 2.
857 3253 888 3311 δὲ
907 3253 1120 3326 προστελσθωὴ

104 3321 158 3374 ὑπὸ
182 3332 237 3377 τῶν
260 3329 344 3378 ΑΒΓ
362 3332 442 3379 τοῦτε
464 3325 491 3380 b.
583 3327 683 3399 ΑΒΓ]
707 3343 776 3382 corr.
796 3342 831 3380 ex
853 3330 939 3382 ABE
960 3345 997 3382 m.
1017 3333 1034 3382 2
1057 3328 1120 3382 Vat.

140 3388 221 3464 οὖσα]
242 3411 295 3449 om.
310 3395 336 3449 b.
393 3401 418 3450 3.
439 3398 528 3468 BFA]
549 3402 598 3453 FA
611 3397 638 3452 b.
698 3404 724 3453 4.
744 3397 789 3468 ἴση
809 3395 883 3454 ἐστίν
901 3398 928 3452 b.
982 3397 1053 3453 Post
1066 3397 1122 3466 ἄρα

103 3460 168 3515 add.
189 3461 245 3518 ἐστέ
262 3465 289 3519 b.
360 3467 455 3539 BAE]
474 3472 559 3523 ABE
577 3469 604 3523 b.
676 3474 700 3523 6.
721 3470 861 3540 BF(pr.)]
880 3469 933 3539 τὴν
952 3473 1009 3524 ΒΓ
1022 3468 1121 3524 vam).

59 3580 94 3620 ι
139 3534 288 3605 ΕΒ,ΒΓ]
309 3537 436 3591 EBFb.
529 3543 553 3594 8.
577 3547 626 3610 τῆς
645 3545 695 3594 BA
713 3540 740 3595 b.
832 3539 972 3612 τῷ(ο1λ.)]
990 3539 1023 3595 τό
1041 3539 1121 3595 va.
