2400 3840
119 172 180 236 138
519 173 724 226 AEAOMENA.

18 299 23 310 ⁸
115 321 179 381 ΚΒ
203 318 286 402 πρὸς
308 318 369 400 την
393 320 460 380 ΛΕ
481 317 604 392 δοθείς.
650 319 718 380 ἔστι
741 313 778 380 δὲ
800 313 856 380 καὶ
879 323 937 398 τῆς
960 318 1027 380 ΒΓ
1045 317 1129 400 πρὸς

115 425 176 507 τὴν
194 427 258 488 ΕΖ
281 425 379 506 λόγος
402 424 526 507 δοθείς,
549 421 605 488 καὶ
628 424 665 487 αλ
684 428 768 508 πρὸς
785 433 855 499 τοῖς
872 426 911 505 Β,
930 426 963 486 Ε
983 425 1130 506 σημείοις

115 533 233 612 γωνίαι
261 531 334 613 ἤτοι
362 536 431 595 ίσαι
459 531 558 614 είσίν,
586 528 606 612 ἢ
634 531 744 594 άνισοι
771 527 846 613 μέν,
879 527 1054 613 δεδομέναι
1079 527 1128 594 δέ·

114 634 169 701 καὶ
200 645 260 701 τοῦ
293 639 360 701 ΓΚ
398 638 462 722 άρα
497 635 842 722 παραλληλογράμμου
878 636 961 720 πρὸς
993 637 1029 700 τὸ
1064 639 1129 699 ΛΖ

80 745 458 829 σπαραλληλόγραμμον
491 745 588 825 λόγος
618 740 687 807 ἐστὶ
715 743 842 817 δοθείς·
876 743 959 806 ὥστε
986 740 1041 805 καὶ
1068 751 1128 806 τοῦ

115 853 220 914 ΑΒΓ
247 851 413 935 τριγώνου
439 851 523 935 πρὸς
550 851 587 914 τὸ
610 853 712 914 ΑΕΖ
744 851 909 933 τρίγωνον
936 852 1034 930 λόγος
1060 847 1128 912 ε’σιὶ

116 957 239 1033 δοθείς.

594 1042 656 1127 ογ’.

178 1167 254 1233 Ἐάν
283 1169 344 1233 δύο
372 1168 725 1254 παραλληλογράμμων
752 1167 827 1254 περὶ
856 1175 929 1244 ίσας
957 1171 1079 1251 γωνίας
1108 1167 1128 1250 ἢ

42 1288 96 1370 ,10
114 1272 190 1360 περὶ
220 1274 357 1351 ἀνίσους
389 1269 463 1359 μέν,
496 1273 674 1360 δεδομένας
702 1273 753 1359 δέ,
785 1276 823 1354 αί
852 1272 991 1360 πλευραὶ
1024 1275 1130 1352 οὕτως

116 1384 244 1465 ἔχωσιν,
271 1382 354 1446 ὥστε
377 1376 462 1446 εἶναι
485 1381 530 1458 ὡς
553 1383 614 1465 τὴν
636 1391 696 1446 τοῦ
718 1383 853 1468 πρώτου
875 1382 1023 1467 πλευράν
1046 1384 1129 1467 πρὸς

115 1489 176 1571 νην
194 1496 254 1552 τοῦ
274 1485 430 1574 δευτέρου
449 1488 607 1574 πλευράν,
631 1489 737 1565 οὕτως
754 1490 816 1572 την
835 1489 954 1572 λοιπὴν
973 1497 1033 1552 τοῦ
1054 1489 1128 1552 δευ-

117 1592 213 1680 τέρου
236 1595 385 1680 πλευράν
407 1596 490 1681 πρὸς
518 1597 622 1678 άλλην
645 1595 734 1679 τινά,
763 1598 818 1680 ἔχη
843 1591 880 1659 δέ
903 1593 922 1676 ἡ
947 1595 1044 1677 λοιπὴ
1069 1604 1129 1659 τοῦ

115 1702 249 1787 πρώτου
268 1702 395 1786 πλευρὰ
412 1703 495 1787 πρὸς
514 1701 619 1785 αὐτην
637 1705 738 1785 λόγον
758 1699 947 1785 δεδομένον,
970 1698 1025 1765 καὶ
1045 1701 1129 1765 αὐτά

62 1820 95 1869 15
114 1808 155 1871 τὰ
186 1811 511 1894 παραλληλόγραμμα
542 1809 625 1893 πρὸς
656 1810 781 1891 άλληλα
814 1810 915 1890 λόγον
942 1805 1005 1884 ἔξει
1034 1808 1129 1871 δεδο-

115 1913 224 1998 μένον.

182 2023 243 2086 δύο
277 2022 339 2105 γάρ
371 2021 723 2107 παραλληλογράμμων
754 2031 821 2085 τῶν
849 2025 925 2104 AB,
951 2025 1026 2085 ΕΗ
1053 2019 1129 2105 περὶ

116 2134 189 2204 ίσας
211 2131 334 2209 γωνίας
361 2126 381 2210 ἢ
404 2125 480 2214 περὶ
508 2126 645 2202 άνίσους
672 2125 748 2211 μέν,
781 2126 960 2214 δεδομένας
988 2125 1038 2209 δέ,
1072 2127 1130 2203 τὰς

114 2235 197 2319 πρὸς
215 2246 284 2310 τοῖς
304 2236 341 2316 Γ,
357 2237 385 2296 Ζ
408 2234 445 2298 αί
460 2230 601 2317 πλευραὶ
624 2232 729 2309 οὕτως
747 2229 910 2316 ἐχέτωσαν
927 2235 1011 2318 πρὸς
1030 2232 1128 2316 άλλη-

62 2351 96 2399 20
115 2345 183 2423 λας,
207 2341 290 2403 ὥστε
313 2334 398 2404 εἶναι
422 2339 466 2415 ὡς
489 2340 550 2422 την
570 2341 630 2403 ΓΒ
654 2339 737 2425 πρὸς
759 2337 821 2421 τὴν
841 2343 918 2423 ΖΗ,
943 2339 1048 2416 οὕτως
1067 2339 1129 2423 τὴν

114 2449 178 2509 ΕΖ
200 2447 283 2530 πρὸς
305 2444 366 2526 τὴν
390 2448 470 2528 ΓΚ,
503 2453 561 2527 τῆς
589 2442 626 2509 δὲ
649 2448 719 2510 ΑΓ
745 2446 828 2530 πρὸς
856 2444 916 2528 τὴν
940 2449 1007 2511 ΓΚ
1032 2449 1130 2529 λόγος

115 2554 196 2615 ἔστω
216 2552 342 2626 δοθείς·
366 2548 461 2634 λέγω,
485 2551 535 2616 ότι
553 2548 609 2615 καὶ
628 2559 688 2616 τοῦ
704 2555 765 2617 ΓΛ
782 2552 1127 2638 παραλληλογράμμου

114 2658 197 2742 πρὸς
218 2658 255 2721 τὸ
279 2661 353 2722 ΕΗ
370 2659 715 2744 παραλληλόγραμμον
738 2661 836 2740 λόγος
859 2656 928 2724 ἐστὶ
952 2660 1076 2736 δοθείς.

182 2767 263 2828 ἔστω
287 2765 350 2850 γάρ
373 2765 536 2850 πρότερον
558 2765 595 2829 τὸ
615 2769 680 2830 ΑΒ
704 2774 749 2853 τῷ
769 2768 843 2829 ΕΗ
857 2766 1049 2848 ,ἰσογώνιον
1073 2764 1129 2831 καὶ

60 2882 95 2930 25
113 2872 378 2957 παραβεβλήσθω
405 2871 495 2956 παρὰ
523 2869 584 2953 τὴν
610 2874 678 2935 ΒΓ
705 2871 842 2936 εὐθεῖαν
869 2881 915 2960 τῷ
942 2875 1017 2936 ΕΗ
1044 2895 1128 2958 παρ-

185 3033 209 3081 2.
230 3028 264 3098 B]
283 3033 309 3081 Δ
326 3027 353 3081 b.
418 3033 443 3081 4.
463 3031 522 3081 ΚΓ
536 3027 563 3081 b.
628 3032 669 3082 12.
690 3025 787 3099 οὕτως]
807 3026 873 3082 ὥστε
892 3028 919 3083 b.
977 3034 1018 3082 13.
1039 3028 1127 3098 άλλην

115 3104 210 3152 -14,
235 3096 401 3170 δεδομένον]
424 3098 475 3168 τὴν
498 3098 599 3168 λοιπὴν
622 3106 672 3153 τοῦ
695 3100 806 3166 πρώτον
828 3098 912 3168 λόγον
938 3097 1010 3170 ἔχειν
1030 3099 1081 3168 (sic
1101 3102 1127 3172 β,

117 3168 171 3239 ἔχει
188 3170 217 3239 b)
237 3167 390 3238 δεδομένον
408 3169 435 3223 b.
510 3174 551 3223 13.
574 3168 629 3240 ἔχει
647 3188 672 3223 v.
746 3175 787 3224 14.
809 3169 892 3242 αότά]
912 3188 965 3224 0111.
980 3170 1007 3224 b.
1084 3177 1125 3226 15.

115 3241 183 3307 πρὸς
206 3240 320 3312 άλληλα]
344 3241 436 3295 om.b
461 3242 528 3309 (non
550 3240 718 3310 β).18.
747 3240 797 3304 τὰς
821 3240 882 3304 ίσας
904 3242 931 3296 b.
1025 3247 1067 3297 19.
1096 3243 1128 3296 αἱ

114 3310 246 3435 πλευραίχ
268 3316 292 3365 Ε
310 3309 431 3380 πλευράς
448 3310 475 3366 b.
558 3316 599 3365 21.
626 3313 695 3382 ΓΚ]
714 3317 770 3365 ΑΓ
784 3312 811 3367 b.
892 3321 942 3382 τῆς
961 3344 995 3352 -
1015 3317 1057 3367 22.
1078 3315 1127 3368 δο-

114 3380 188 3453 bete]
208 3386 222 3435 λ
241 3403 291 3451 γον
312 3381 383 3454 ἔχειν
403 3379 556 3450 δεδομένον
575 3382 602 3436 b.
676 3388 717 3437 21.
737 3383 789 3451 τήν
804 3383 887 3455 (αἰδῇ
907 3400 960 3438 om.
980 3402 1006 3439 v.
1082 3391 1124 3439 23.

114 3453 413 3525 παραλληλόγραμμον]
433 3470 486 3508 om.
505 3453 532 3507 b.
597 3458 639 3508 24.
663 3453 811 3526 πρότερον]
832 3472 883 3509 om.
903 3455 930 3510 b.
992 3459 1034 3510 25.
1056 3457 1127 3528 ΒΓ]

117 3524 233 3578 Γειο,
308 3523 504 3594 ΕΗ]ΗΕο.
