2400 3840
130 145 174 208 54
533 147 738 198 AEAOMENA.

197 291 349 372 εἰλήφθω
377 289 441 373 γὰρ
470 286 523 352 ἐπὶ
549 297 608 373 τής
634 293 700 353 AB
733 286 838 354 δοθὲν
870 300 1006 374 σημεῖον
1040 291 1077 355 τὸ
1107 295 1147 375 Λ,

129 392 185 460 καὶ
207 396 363 478 κατήχθω
387 393 451 460 ἀπὸ
474 403 534 459 τοῦ
559 398 590 459 A
613 393 666 460 ἐπὶ
688 397 750 480 τήν
773 399 835 461 ΓΛ
856 395 999 473 κάθετος
1021 397 1042 481 ἡ
1067 401 1147 463 ΛΝ.

131 497 200 565 ἐπεὶ
228 500 291 566 ἀπὸ
319 498 501 585 δεδομένου
529 503 666 584 σημείου
694 509 754 565 τοῦ
782 505 814 566 Λ
846 499 899 566 ε’πὶ
930 501 1024 567 θέσει
1053 504 1147 569 δεδο-

130 605 234 690 μένην
257 607 394 672 εὐθεῖαν
420 609 482 690 τήν
506 610 567 672 ΓΛ
594 608 710 673 εὐθεῖα
737 609 869 692 γραμμή
897 603 993 691 ἦκται
1020 607 1041 691 ἡ
1067 613 1148 693 ΛΝ,

97 723 113 771 5
132 710 315 796 δεδομένην
337 721 480 778 ποιοῦσα
503 716 630 793 γωνίαν
653 715 713 796 τήν
735 713 801 778 ὐπὸ
824 724 892 779 τῶν
915 718 1031 798 ΛΝΔ,
1053 713 1147 780 θέσει

132 822 196 905 ἄρα
224 816 314 883 ἐστὶν
340 819 361 903 ἡ
388 822 466 883 ΛΝ.
512 816 606 883 θέσει
634 816 671 883 δὲ
701 816 757 883 καὶ
783 818 804 902 ἡ
833 823 908 884 ΓΔ·
945 817 1051 885 δοθὲν
1084 823 1147 907 ἄρα

131 929 168 991 τὸ
188 930 227 990 Ν
246 936 390 1008 σημεῖον.
433 927 502 989 ἔστι
525 921 641 989 δὲκαὶ
664 927 700 990 τὸ
721 929 752 990 A
776 923 893 991 δοθέν·
922 926 1064 991 δοθεῖσα
1083 929 1149 1013 ἄρα

133 1030 222 1097 ἐστὶν
246 1032 266 1114 ή
291 1034 369 1097 AN.
415 1028 471 1095 καὶ
495 1028 564 1095 ἐπεὶ
587 1033 686 1114 λόγος
709 1029 778 1096 ἐστὶ
802 1040 860 1115 τής
885 1035 957 1095 ΖΗ
979 1033 1065 1117 πρὸς
1087 1035 1148 1116 τήν

132 1141 204 1201 ΗΕ
225 1138 350 1219 δοθείς,
374 1137 419 1212 ὡς
437 1133 474 1201 δὲ
492 1137 512 1219 ἡ
538 1140 610 1201 ΖΗ
627 1138 711 1222 πρὸς
728 1139 790 1222 τήν
803 1141 884 1221 ΗΕ,
908 1137 1015 1214 οὕτως
1032 1138 1053 1222 ή
1068 1143 1153 1204 ΝΜ

81 1253 114 1300 10
133 1244 216 1328 πρὸς
238 1243 299 1326 τήν
322 1245 403 1324 ΜΛ,
427 1245 525 1324 λόγος
547 1244 611 1328 ἄρα
633 1241 689 1307 καὶ
711 1252 770 1326 τής
787 1248 873 1309 ΝΜ
889 1245 973 1329 πρὸς
995 1245 1058 1328 τήν
1077 1248 1148 1309 ΜΛ

132 1350 258 1424 δοθείς·
293 1349 375 1412 ὥστε
397 1346 454 1413 καὶ
476 1358 534 1433 τής
556 1353 624 1415 NA
653 1350 736 1435 πρὸς
757 1351 819 1434 τήν
841 1353 913 1414 ΜΛ
941 1361 1010 1414 εστι
1033 1348 1149 1428 δοθεὶς

132 1456 238 1535 λόγος.
285 1455 425 1535 δοθεῖσα
452 1453 490 1520 δέ
516 1455 537 1539 ἡ
560 1459 636 1521 ΝΛ.
682 1457 822 1521 δοθεῖσα
850 1451 918 1541 ἄρα
938 1453 994 1520 καὶ
1017 1455 1038 1539 ή
1063 1461 1147 1522 ΛΜ

132 1559 215 1624 ἀλλὰ
238 1558 293 1624 καὶ
316 1571 356 1646 νή
378 1559 480 1626 θέσει.
517 1565 576 1625 καί
596 1560 664 1626 ἐστι
688 1559 793 1627 δοθὲν
816 1563 853 1626 τὸ
877 1565 909 1626 Λ
916 1581 924 1597 ·
954 1559 1060 1627 δοθὲν
1085 1565 1148 1649 ὐίρα

130 1664 186 1730 καὶ
214 1668 250 1731 τὸ
278 1672 327 1731 Μ
374 1665 443 1732 ἐπεὶ
470 1663 532 1734 οὖν
560 1668 616 1732 διδι
643 1666 825 1753 δεδομένον
854 1672 990 1751 σημείου
1019 1677 1082 1734 τοῦ
1110 1673 1152 1734 Μ

81 1780 113 1829 15
132 1773 222 1858 παρὰ
243 1771 338 1837 θέσει
361 1771 543 1857 δεδομένην
562 1774 699 1839 εὐθεῖαν
717 1776 779 1857 τήν
796 1777 857 1838 ΓΛ
880 1775 995 1839 εὐθεῖα
1013 1777 1146 1860 γραμμή

127 1872 222 1960 ἦκται
245 1877 265 1959 ή
292 1882 371 1962 ΘΚ,
393 1877 487 1944 θέσει
509 1881 574 1964 ἄρα
597 1878 688 1944 ἐστὶν
710 1878 731 1962 ἡ
757 1884 830 1944 ΘΚ.

603 2019 666 2105 λη’.

192 2126 268 2192 Ἐὰν
299 2129 347 2202 είς
370 2129 602 2214 παραλλήλους
629 2138 668 2213 τῇ
691 2126 784 2192 θέσει
809 2125 989 2211 δεδομένας
1012 2129 1147 2206 εὐθείας

130 2233 245 2296 εὐθεῖα
273 2234 405 2317 γραμμή
434 2233 522 2319 ἀχθή
554 2232 611 2298 καὶ
639 2240 809 2318 προστεθῇ
836 2256 887 2310 τις
914 2233 997 2319 αὐτῇ
1031 2235 1147 2300 εὐθεῖα

77 2347 111 2394 20
131 2340 231 2418 λόγον
254 2341 374 2421 ἔχουσα
397 2341 480 2425 πρὸς
498 2339 604 2424 αὐτήν
623 2338 813 2423 δεδομένον,
837 2341 893 2404 διδι
913 2336 950 2404 δὲ
968 2349 1029 2404 τοῦ
1048 2339 1146 2426 πέρα-

130 2465 186 2517 τος
212 2445 301 2527 παρὰ
328 2445 386 2519 τὰς
414 2454 452 2529 τῇ
475 2442 569 2509 θέσει
585 2427 774 2528 ’δεδομένας
796 2445 1008 2531 παράλληλος
1031 2447 1147 2513 εὐθεῖα

128 2550 258 2633 γραμμή
283 2547 386 2634 ἀχθῇ,
410 2548 542 2614 δέδοται
564 2549 585 2633 ἡ
609 2549 749 2634 ἀχθεῖσα
771 2560 811 2637 νή
835 2549 936 2616 θέσει.

195 2656 241 2730 είς
269 2656 332 2739 γὰρ
360 2657 592 2740 παραλλήλους
619 2666 658 2742 τῇ
685 2656 779 2722 θέσει
808 2655 989 2740 δεδομένας
1012 2659 1146 2736 εὐθείας

127 2760 185 2834 τὰς
208 2764 288 2843 AB,
307 2763 369 2825 ΓΛ
395 2761 511 2826 εὐθεῖα
537 2763 669 2847 γραμμή
693 2764 788 2846 ήχθω
811 2761 832 2845 ή
856 2767 935 2847 ΕΖ,
964 2761 1021 2828 καὶ
1044 2782 1145 2850 προσ-

127 2986 180 3040 del.
195 2922 231 3040 εἶ’.
246 2919 601 3059 έῗτηχίωέιδέίέέίύλι
615 3005 640 3042 ι.
652 2919 729 3042 ΛΜ
740 2935 804 3060 ἓν]
824 2924 897 3060 ιήί.
909 2920 978 3044 '⁰⁰²3
997 2919 1145 3063 'Afflfi

127 3061 446 3200 NNNZQN..
461 3061 687 3192 εὐθεέιέἒῗ·
726 3062 979 3202 ιέῗιίίθέέ
990 3078 1071 3187 ..st
1087 3069 1144 3203 δή

126 3201 174 3252 λθ’
190 3202 215 3270 β.
282 3206 322 3254 18.
343 3198 458 3263 εὐθείας
476 3210 509 3272 τῇ
528 3199 608 3255 θέσει
627 3198 782 3269 δεδομένας
800 3204 817 3272 β
837 3204 904 3270 (non
918 3206 953 3272 a).
1014 3208 1057 3259 20.
1077 3204 1145 3258 Post

125 3268 244 3337 πέρατος
263 3289 326 3325 cum
345 3271 500 3325 editoribus
520 3271 648 3326 desidero
667 3280 716 3342 τῆς
734 3271 943 3342 προστεθείσης.
1011 3279 1055 3328 21.
1075 3293 1144 3343 παρ-

127 3339 251 3413 άλληλος]
272 3341 387 3405 εὐθείας
405 3344 429 3412 β.
503 3349 545 3397 22.
566 3343 651 3414 ἄχθει
669 3362 695 3412 v,
715 3359 783 3397 corr.
803 3361 839 3397 m.
859 3349 883 3397 2.
959 3343 1097 3417 ἀχθεῖσα]
1116 3345 1144 3398 in

126 3410 179 3464 hoc
192 3413 331 3466 uocabulo
346 3412 447 3482 incipit
460 3413 491 3480 b;
506 3413 606 3468 titulus
622 3417 676 3470 est:
692 3411 836 3469 εὐαλείδον
851 3411 993 3484 δεδομένα
1006 3423 1058 3486 τῆς
1072 3414 1144 3472 θέω·

126 3500 175 3542 νος
193 3481 334 3551 ἐκδόσεως,
353 3502 408 3552 mg.
428 3482 517 3538 λείιιει
535 3485 552 3554 ή
572 3485 651 3556 ἀρχή.
