2400 3840
532 119 637 175 nuru.
1049 121 1094 186 49

74 261 251 348 positione.
297 262 384 348 dieo,
411 267 477 326 AB
501 264 612 328 datam
635 287 705 330 esse
727 265 889 350 positione
913 269 947 330 et
969 266 1094 351 magni·

75 368 199 433 tudine.

144 496 222 538 nam
245 473 274 538 si
296 478 447 538 manente
471 479 593 559 puncto
618 479 651 538 A
672 481 779 541 rectae
803 481 868 540 AB
893 481 949 541 aut
973 478 1093 561 positio

77 584 135 644 aut
167 579 360 664 magnitudo
392 580 587 666 mutabitur,
619 581 719 646 etiam
749 586 908 665 punctum
938 587 967 646 Β
1000 583 1095 647 aliter

77 749 99 798 A
601 750 623 798 B
676 687 776 751 cadet.
824 688 880 752 sed
906 710 974 752 non
1001 688 1095 753 aliter

667 794 753 859 eadit
795 794 874 877 [def.
906 793 957 878 4].
1016 816 1094 879 ergo

77 898 153 962 data
177 900 228 962 est
250 901 339 962 reeta
362 901 428 960 AB
449 897 614 982 positione
637 904 670 964 et
693 901 924 986 magnitudine.

520 1162 654 1228 XXVII.

147 1301 184 1368 Si
214 1306 321 1367 reotae
352 1301 456 1366 lineae
488 1303 650 1386 positione
684 1311 717 1370 et
745 1307 967 1392 magnitudine
1000 1308 1094 1372 datae

76 1431 163 1474 unus
190 1408 349 1473 terminus
373 1408 467 1472 datus
491 1414 551 1494 est,
574 1410 673 1475 etiam
697 1412 779 1475 alter
802 1413 896 1477 datus
921 1413 991 1478 erit.

146 1518 256 1579 rectae
283 1513 371 1578 enim
397 1513 502 1578 lineae
528 1519 594 1579 AB
622 1517 783 1600 positione
813 1522 846 1582 et
873 1519 1096 1603 magnitudine

79 1622 175 1686 datae
200 1641 284 1684 unus
309 1619 466 1684 terminus
479 1624 523 1685 ‚A
546 1621 641 1686 datus
665 1623 716 1687 sit.
760 1623 847 1707 dieo,
870 1623 969 1688 etiam
991 1628 1020 1687 Β
1044 1625 1098 1688 da-

78 1791 101 1839 A
279 1796 283 1804 ‚
549 1790 571 1838 B
628 1731 699 1791 tum
722 1749 801 1794 esse.

657 1833 770 1897 namsi
780 1838 1097 1918 manentepunotoA

78 1938 175 2002 aliter
199 1939 292 2003 cadet
314 1943 472 2022 punctum
495 1943 538 2023 B,
560 1937 659 2002 etiam
682 1943 788 2003 rectae
808 1943 872 2003 AB
896 1944 953 2003 aut
975 1939 1096 2023 positio

79 2049 138 2109 aut
160 2044 352 2130 magnitudo
377 2045 565 2112 mutabitur.
612 2045 668 2109 sed
692 2066 760 2109 non
784 2049 930 2110 mutatur
954 2045 1027 2125 [def.
1051 2047 1096 2125 4].

78 2171 157 2236 ergo
177 2154 335 2233 punctum
353 2154 381 2213 Β
401 2150 514 2214 datum
532 2154 590 2214 est.

512 2413 663 2479 XXVIII.

151 2553 187 2619 Si
204 2577 263 2640 per
281 2556 395 2620 datum
412 2559 569 2639 punctum
588 2561 695 2621 rectae
714 2556 877 2639 positione
896 2557 990 2621 datae
1009 2559 1098 2620 reeta

79 2661 169 2725 linea
192 2662 347 2747 parallelo
369 2661 508 2747 ducitur,
530 2663 627 2726 ducta
650 2667 740 2728 reeta
762 2663 840 2727 data
858 2667 908 2727 est
925 2662 1097 2746 positione.

149 2788 227 2830 nam
249 2789 307 2850 per
335 2767 446 2835 datum
473 2772 632 2852 punctum
655 2774 687 2831 A
714 2773 822 2833 rectae
845 2771 913 2832 ΒΓ
934 2768 1097 2852 positione

81 2873 177 2937 datae
201 2872 356 2956 parallela
384 2873 520 2936 dueatur
543 2876 632 2937 reeta
654 2877 763 2937 AAE.
810 2873 896 2957 dieo,
924 2874 1027 2936 AAE
1048 2872 1101 2934 da-

81 2983 153 3042 tam
177 2999 247 3041 esse
270 2977 440 3060 positione.

149 3105 227 3148 nam
256 3082 284 3146 si
311 3082 433 3166 minus,
462 3087 583 3166 puncto
607 3088 639 3145 A
666 3086 817 3147 manente
845 3081 966 3165 positio
991 3085 1099 3145 reeta-e

841 3257 1100 3267 ——-.—-—....

121 3386 162 3435 19.
183 3376 321 3450 δεδομένη
340 3380 365 3452 β.
438 3385 480 3435 20.
500 3380 630 3452 εὐθεῖαν]
650 3397 704 3436 om.
723 3379 749 3451 β,
769 3379 868 3433 eorem
888 3393 913 3431 a.
987 3376 1098 3448 εὐθεῖα]

83 3456 198 3509 εὐθεῖαι
215 3452 281 3506 vat.
354 3456 396 3506 22.
415 3449 506 3523 θέσει]
525 3450 608 3507 θέσιν
627 3469 652 3506 a.

138 3550 292 3604 Euclides,
306 3550 354 3592 add.
365 3550 470 3600 Hetborg
484 3553 507 3592 et
520 3552 610 3602 Monge.
631 3552 671 3593 VI.
921 3543 939 3591 4
