2400 3840
135 170 176 233 78
537 172 741 223 εεεοαεαι.

132 323 190 396 τῆς
212 319 282 379 ΔΕ
302 316 385 400 πρὸς
407 317 469 399 την
494 320 521 380 Ζ
544 317 644 381 δοθεί
660 363 668 378 .
714 315 854 381 δοθεῖσα
878 315 915 382 δὲ
937 316 958 401 ἡ
980 324 1066 384 ΔΕ·
1096 322 1152 386 δο-

132 427 231 484 θεῖσα
254 420 397 506 ἄρακαλ
419 421 440 505 ἡ
465 427 502 485 Ζ.
548 426 607 486 καί
627 420 696 486 ἐστι
718 425 837 506 μείζων
859 422 880 506 ἡ
904 427 965 489 ΓΒ
992 435 1051 509 της
1075 432 1150 493 BA·

132 530 250 610 μείζων
278 530 342 613 ίίρα
364 525 420 592 καὶ
443 528 463 611 ἡ
486 533 554 593 ΕΛ
582 538 640 612 τῆς
665 533 700 593 Ζ.
751 528 949 615 ἐνηρμόσθω
977 543 1018 618 τῇ
1044 537 1073 596 Ζ
1096 540 1151 617 ίση

131 633 151 716 ἡ
175 637 262 716 ΔΗ,
285 633 340 698 καὶ
364 633 547 718 ἐπεζεύχθω
571 634 590 717 ἡ
615 638 699 717 ΗΕ,
724 633 780 699 καὶ
803 634 928 724 κέντρςο
952 634 1014 720 μὲν
1036 648 1083 727 τῷ
1107 647 1150 723 Δ,

96 740 326 823 οδιαστήματι
360 737 469 828 δλ-τῷ
501 744 579 805 ΛΗ
606 742 726 817 κύκλος
757 742 940 827 γεγράφθω
973 744 992 808 ὁ
1028 748 1149 810 ΘΗΚ·

131 843 223 909 θέσει
247 847 312 930 ἄρα
335 844 425 910 ἐστὶν
448 844 465 910 ὁ
492 849 601 909 ΘΗΚ
620 846 754 922 κύκλος·
800 846 932 912 δέδοται
955 850 1019 934 γὰρ
1044 851 1149 916 αὐτοῦ

130 953 167 1014 τὸ
191 949 330 1037 κέντρον
352 962 391 1037 τῇ
414 950 507 1016 θέσει
530 949 585 1015 καὶ
607 949 628 1033 ἡ
648 950 683 1016 ἐκ
702 961 762 1015 τοῦ
779 952 919 1039 κέντρον
939 964 984 1042 τῷ
1004 956 1148 1040 μεγέθει.

130 1056 223 1121 θέσει
252 1054 288 1121 δὲ
316 1056 371 1122 καὶ
399 1058 435 1121 τὸ
459 1061 568 1121 ΔΗΕ
594 1056 799 1140 ἡμικύκλιον.
850 1055 955 1124 δοθέν
982 1062 1047 1146 ἄρα
1077 1062 1147 1128 ἐστὶ

129 1164 166 1226 τὸ
185 1166 225 1225 Η
245 1175 389 1247 σημεῖον.
426 1166 494 1227 ἔστι
518 1158 555 1226 δέ
578 1161 633 1227 καὶ
657 1160 810 1249 ἑκάτερον
829 1175 896 1229 τῶν
914 1171 957 1248 Δ,
974 1171 1007 1230 Ε
1028 1168 1146 1234 δοθέν·

78 1284 111 1330 10
129 1270 269 1349 δοθεῖσα
292 1271 356 1354 ἄρα
375 1267 465 1333 ἐστὶν
484 1267 602 1352 ἑκάστη
622 1280 689 1334 τῶν
707 1273 786 1353 ΗΔ,
804 1277 837 1335 Δ
842 1275 881 1354 Ε,
900 1275 975 1336 ΕΗ
993 1283 1032 1359 τῇ
1051 1273 1145 1340 θέσει

129 1372 182 1438 καὶ
210 1384 255 1461 τῷ
283 1375 430 1459 μεγέθει·
459 1374 592 1439 δέδοται
620 1377 684 1459 ἄρα
711 1378 748 1441 τὸ
771 1380 878 1441 ΗΔΕ
902 1382 1069 1463 τρίγωνον
1098 1392 1143 1468 τῷ

128 1482 217 1545 εῖδει.
273 1480 341 1545 ἐπεὶ
372 1478 434 1547 οὖν
467 1482 529 1546 δύο
559 1482 707 1566 τρίγωνοί
735 1480 803 1546 ἐστι
831 1485 870 1546 τὰ
899 1489 1014 1568 ΑΒΓ,
1036 1492 1148 1551 ΔΕΗ

127 1591 207 1671 μίαν
239 1590 365 1669 γωνίαν
397 1593 456 1673 μία
488 1590 594 1672 γωνίᾳ
627 1593 704 1669 ίσην
736 1591 852 1671 ἔχοντα
885 1591 946 1673 την
977 1590 1043 1655 ὑπὸ
1077 1603 1144 1657 τῶν

127 1697 228 1758 ΒΑΓ
249 1704 288 1779 τῇ
315 1693 380 1758 ὑπὸ
408 1704 476 1758 τῶν
499 1697 621 1776 ΔΗΕ,
653 1691 729 1778 ιτερλ
756 1691 793 1757 δὲ
815 1695 917 1770 ίίλλας
939 1699 1064 1779 γωνίας
1087 1699 1144 1774 τὰς

75 1812 107 1860 15
127 1799 191 1864 ὑπὸ
215 1811 282 1864 τῶν
305 1803 410 1881 ΓΒΑ,
429 1802 540 1863 ΕΔΗ
559 1799 617 1874 τὰς
639 1800 783 1884 πλευρὰς
806 1799 987 1885 ἀνιίλογον,
1015 1813 1085 1868 τῶν
1107 1802 1144 1869 δὲ

127 1911 252 1970 λοιπῶν
274 1916 342 1970 τῶν
364 1905 429 1969 ὑπὸ
453 1909 558 1987 ΒΓΑ,
576 1909 689 1969 ΔΕΗ
708 1904 865 1991 ἑκατέραν
888 1906 955 1991 δίμα
978 1907 1143 1975 ἐλάσσονα

126 2012 246 2096 ὀρθῆς,
274 2012 389 2096 ὅμοιον
412 2012 477 2096 ίίρα
500 2009 568 2076 ἐστὶ
592 2012 629 2075 τὸ
653 2015 759 2076 ΑΒΓ
776 2016 941 2096 τρίγωνον
964 2023 1010 2101 τῷ
1033 2020 1143 2080 ΔΕΗ

125 2119 285 2205 τριγώνῳ.
340 2116 472 2182 δέδοται
504 2114 541 2181 δὲ
572 2118 609 2181 τὸ
638 2121 751 2182 ΔΕΗ
778 2123 943 2203 τρίγωνον
970 2129 1016 2208 τῷ
1045 2123 1140 2187 εῖδει·

126 2224 257 2288 δέδοται
281 2225 344 2308 ἄρα
367 2222 482 2288 καὶτὸ
507 2227 571 2287 ΑΒ
579 2228 611 2288 Γ
628 2226 793 2308 τρίγωνον
814 2234 861 2313 τῷ
884 2226 974 2290 εῖδει.

598 2472 643 2554 μδ
647 2470 665 2535 '.

83 2625 91 2640 ·
188 2609 264 2675 Ἐδιν
287 2613 450 2698 τρίγωνον
473 2615 553 2695 μίαν
572 2614 627 2697 ἔχη
647 2617 773 2695 γωνίαν
791 2612 984 2697 δεδομένην,
1007 2614 1084 2701 περὶ
1102 2612 1138 2680 δὲ

123 2718 228 2799 ἄλλην
256 2721 382 2800 γωνίαν
410 2719 447 2782 αί
470 2717 610 2803 κλενραλ
637 2719 720 2804 πρὸς
747 2718 890 2801 ἀλλήλας
913 2720 1015 2799 λόγον
1039 2723 1138 2804 ἔχωσι

123 2823 314 2907 δεδομένον,
338 2822 469 2889 δέδοται
492 2825 529 2889 τὸ
552 2828 717 2910 τρίγωνον
740 2834 785 2911 τῷ
809 2826 899 2890 εῖδει.

123 2981 334 2990 .,....--..——-—-

193 3094 216 3141 2.
233 3085 343 3159 μείζων]
358 3087 491 3155 μεῖζονΡ,
506 3103 594 3156 comp.
606 3105 631 3142 v.
687 3092 711 3140 4.
733 3087 806 3157 ΗΕ]
826 3089 923 3141 ΕΗε.
987 3093 1009 3141 6.
1029 3091 1135 3161 ΘΗΚ]

122 3161 214 3213 ΗΘΚ
231 3177 255 3214 a.
331 3165 353 3213 7.
373 3163 410 3230 τῷ
429 3156 554 3230 μεγέθει]
573 3157 604 3210 in
621 3175 674 3212 ras.
696 3175 720 3211 a.
795 3163 835 3211 10.
858 3158 990 3228 δοθεῖσα]
1009 3157 1091 3214 θέσει
1109 3177 1134 3214 ει.

158 3235 197 3283 13.
218 3227 336 3302 γωνίαν]
355 3226 442 3298 γωνία
461 3248 486 3284 v.
553 3229 620 3300 τῶν]
639 3228 691 3295 τήν
709 3228 783 3296 vat„
803 3228 857 3282 del.
872 3247 907 3282 m.
924 3234 947 3283 2.
1024 3236 1065 3284 14.
1085 3229 1136 3294 τὰς

120 3299 345 3362 ίίλλιιςΡῖεῖα.
425 3301 956 3371 15.ΓΒΑ,ΕΔΗ]ΘΓΑ,ΔΕΗτ.
1029 3299 1135 3364 τίς-

120 3376 161 3424 16.
182 3373 287 3442 ΔΕΗ]
312 3389 364 3426 om.
384 3389 409 3426 v.
503 3378 543 3426 16.
568 3372 653 3441 ΒΓΑ]
677 3374 831 3424 τῶνΑΓΒ
849 3387 874 3424 a.
968 3376 1009 3426 17.
1033 3374 1134 3444 ΑΒΓ]

120 3445 193 3494 ΒΓΑ
213 3460 237 3495 v.
317 3448 357 3497 18.
379 3440 492 3497 δέδοται
511 3474 544 3482 -
565 3441 645 3512 είδει]
665 3458 718 3495 om.
738 3458 764 3509 V,
784 3441 848 3496 add.
868 3459 923 3510 mg.
943 3460 979 3496 m.
1000 3448 1024 3498 2.
1090 3449 1133 3498 20.

119 3511 180 3581 μδ]
200 3513 240 3565 λε’
261 3514 285 3582 β.
359 3519 400 3567 21.
422 3513 481 3585 ἔχη]
502 3512 565 3584 ἔχον
584 3515 609 3584 β
