2400 3840
133 184 199 248 262
560 187 724 241 SCHOLIA.

200 331 231 392 4.
263 327 436 413 Δεδομένα
464 327 533 394 ἐστὶ
561 330 601 394 τὰ
625 328 805 415 ὡρισμένα,
837 327 1010 396 τουτέστιν
1039 325 1090 396 ὧν
1112 333 1152 396 τίι

133 432 257 520 πέρατα
276 433 408 500 δέδοται
427 439 491 499 είτε
511 435 643 522 διανοίᾳ
662 442 726 500 είτε
745 437 912 518 αίσθήσει·
936 437 1071 513 τούτοις
1090 439 1152 523 γὰρ

134 540 308 624 δυναίμεθα
345 547 400 606 ίσα
431 544 634 626 πορίσασθαι
667 542 789 625 ὁμοίως
821 548 885 607 είτε
917 543 1053 630 διανοίᾳ
1089 549 1153 609 είτε

134 649 297 731 αἰσθήσει.
353 648 492 712 δύναται
525 644 562 711 δὲ
593 645 648 712 καὶ
681 648 783 733 ῥητὸν
814 645 870 713 καὶ
901 650 1025 731 ἄλογον
1055 650 1150 714 δεδο-

99 766 115 811 5
135 752 236 837 μένον
263 749 362 837 εἶναι,
391 754 435 831 ὡς
463 751 550 835 λέγει
573 754 716 831 Ποίαντος
739 755 775 820 ἐν
798 754 882 841 ἀρχή
906 764 966 828 τοῦ
990 758 1037 832 είς
1062 758 1099 821 τὸ
1125 755 1150 821 ι’

134 860 333 925 Εὐκλείδου·
370 861 407 925 τὸ
435 857 496 944 μὲν
523 861 587 947 γὰρ
620 861 722 946 ῥητὸν
753 860 808 926 καὶ
841 859 1022 944 δεδομένον
1051 861 1153 945 ἐστίν,

134 967 174 1030 ού
197 966 329 1042 πάντας
352 963 389 1031 δὲ
411 964 466 1031 καὶ
489 967 526 1031 τὸ
551 964 732 1050 δεδομένον
755 968 857 1053 ῥητόν
880 967 978 1032 ἐστιν.

548 1160 600 1224 Ad
623 1161 683 1225 def.
709 1162 738 1227 5.

201 1285 230 1348 5.
255 1281 326 1347 Ἵνα
348 1277 371 1369 ᾗ
394 1281 577 1368 ὡρισμένος
600 1293 647 1373 τῷ
671 1283 814 1369 μεγέθει.

81 1488 115 1536 10
549 1477 602 1542 Ad
625 1479 685 1544 def.
711 1482 740 1544 6.

201 1602 230 1666 6.
254 1599 326 1666 Ἵνα
347 1601 403 1666 καὶ
425 1611 471 1690 τῷ
494 1605 583 1691 τόπῳ
606 1601 662 1667 καὶ
684 1611 730 1690 τῷ
753 1601 886 1686 μεγέθει
910 1602 1095 1690 ὡρισμένος
1118 1599 1149 1691 ᾖ.

546 1797 598 1861 Ad
621 1797 682 1861 def.
706 1799 736 1863 8.

202 1923 230 1985 7.
268 1925 377 1986 Ταῦτα
400 1922 444 1998 ὡς
467 1920 520 1987 ἐπὶ
544 1920 617 1998 ἑνὸς
641 1919 797 1986 ἐπιπέδου
822 1920 1012 1987 ἀκουστέον.

547 2115 600 2180 Ad
623 2115 684 2180 def.
709 2117 738 2180 9.

81 2248 113 2296 15
200 2241 229 2305 8.
269 2243 321 2328 Τῷ
349 2241 411 2326 γδιρ
440 2238 658 2326 ἀφαιρεθέντι
690 2241 727 2304 τὸ
762 2241 823 2324 τήν
856 2239 1035 2326 ἀφαίρεσιν
1067 2242 1150 2307 ὑπο-

133 2357 251 2429 μεῖναν
274 2349 383 2429 μεῐζόν
407 2345 506 2411 ἐστιν.

536 2504 589 2569 Ad
612 2505 672 2569 def.
699 2507 748 2570 10.

200 2628 229 2691 9.
268 2628 315 2692 Τὸ
338 2625 399 2711 μὲν
421 2628 485 2714 πρὸ
509 2629 612 2694 αὐτοῦ
636 2628 700 2694 ἀπὸ
723 2638 783 2694 τοῦ
805 2631 968 2712 μείζονος,
999 2628 1150 2694 ἐνταῦθα

130 2730 172 2796 δὲ
194 2732 258 2798 ἀπὸ
281 2742 342 2798 τοῦ
365 2734 547 2811 ἐλάττονος.

205 3003 234 3067 4,
254 3003 277 3054 ὅ.
300 2996 641 3064 ΡΝαλαΟῑΜοαορλο.
716 3003 739 3051 6.
764 2994 1049 3064 Plvat.vc¹M0n.0.
1127 3002 1149 3051 7.

129 3068 259 3136 Μονασρ.
332 3074 356 3122 8.
375 3067 695 3135 PlVat.vC¹Mon.692.
770 3073 794 3122 9.
813 3066 1049 3135 PlVat.vMon.Q
1061 3070 1104 3121 σλ.

204 3324 229 3371 2.
253 3318 321 3371 Post
342 3313 451 3384 πέρατα
470 3315 534 3369 add.
554 3312 692 3384 ὡρισμένα
715 3333 740 3369 v,
831 3315 952 3386 τούτοις]
975 3313 1102 3370 τουτέστι
1127 3336 1150 3383 ρ.

168 3389 325 3450 τούτοις-
340 3393 365 3440 4.
384 3385 527 3458 αἰσθήσει]
546 3403 600 3441 om.
614 3405 640 3440 v.
714 3391 738 3439 3.
758 3384 812 3440 είτε
828 3418 861 3426 -
877 3385 943 3457 είτε]
963 3384 1027 3452 ήτοι
1044 3419 1073 3426 -
1091 3386 1110 3454 ή
1129 3389 1151 3440 λ.

171 3465 195 3513 5.
215 3459 249 3529 ι’]
270 3475 322 3512 om.
341 3458 416 3511 Mon.
490 3463 513 3511 7.
533 3455 597 3528 καί]
618 3473 670 3512 om.
690 3475 737 3526 πρ.
812 3462 853 3512 15.
873 3457 924 3529 τῷ]
943 3455 974 3510 τύ
994 3457 1032 3511 1λ.
1110 3462 1152 3512 16.

134 3530 208 3582 Ante
227 3531 320 3597 μεῖζον
339 3528 403 3582 add.
423 3530 510 3583 αὐτοῦ
529 3531 629 3583 λοιποῦ
649 3546 671 3582 σ.
