2400 3840
120 117 170 195 Ι34
510 94 714 168 mom.

125 262 212 346 πρὸς
238 262 364 342 ἄλληλα
390 255 463 342 ’ἤτοι
491 261 591 342 λόγον
613 256 676 336 ἕξει
700 257 893 343 δεδομένον,
920 256 941 341 ἢ
964 259 1001 323 τὸ
1026 257 1147 344 ἕτερον

127 374 189 438 τοῦ
213 353 326 450 ἑτέρον
350 364 486 430 δοθέντι
509 367 618 449 μεῖζόν
642 364 732 430 ἐστιν
755 364 835 448 ἢέν
858 366 955 453 λόγφ.
1079 390 1084 397 ·

195 475 277 537 έστω
301 470 523 557 τρίαμεγέθη
546 473 586 535 τὰ
608 476 689 555 AB,
709 475 779 555 TA,
797 476 875 556 EZ,
899 471 939 535 ἓν
967 467 1003 534 δέ
1028 471 1145 536 αὐτῶν

126 580 164 643 τὸ
193 582 256 643 TA
283 576 437 662 ἑκατέρου
465 588 532 642 τῶν
559 582 684 642 λοιπῶν
710 589 777 642 τῶν
805 582 886 660 AB,
909 581 973 641 ΕΖ
1001 575 1143 641 δοθέντι

90 698 109 745 ο
128 687 238 768 μεῖζον
256 688 338 750 ἔστω
356 671 433 767 δέν
452 686 547 771 λόγφ.
584 681 679 766 λέγω,
703 683 808 749 ὅτιτὸ
827 687 893 747 ΑΒ
916 684 1000 767 πρὸς
1017 684 1055 748 τὸ
1075 688 1143 748 ΕΖ
1172 717 1175 724 ·

126 793 202 874 ἤτοι
232 794 333 875 λόγον
360 794 425 875 ἔχει
453 787 646 874 δεδομένον,
678 788 698 872 ἢ
730 789 767 853 τὸ
795 788 908 874 ἕτερον
934 798 995 854 τοῦ
1023 787 1143 875 ἑτέρου

127 897 263 964 δοθέντι
286 900 396 982 μεῖζόν
419 896 509 961 ἐστιν
532 895 552 979 ἢ
577 895 613 961 έν
635 898 731 983 λόγῳ.

191 1004 260 1070 ἐπεὶ
287 1005 351 1089 γὰρ
379 1005 416 1084 τὸ
441 1006 501 1067 TA
528 1011 588 1067 τοῦ
611 1006 677 1067 ΑΒ
705 999 841 1067 δοθέντι
867 1004 978 1086 μεῖζόν
1002 1000 1138 1086 έστινῆ

124 1111 162 1176 ἐν
180 1114 278 1197 λόγῳ,
301 1109 487 1194 ἀφῃρήσθω
506 1109 542 1172 τὸ
566 1104 670 1173 δοθὲν
688 1105 829 1192 μέγεθος
847 1109 883 1172 τὸ
899 1111 975 1172 ΓΗ.
1017 1113 1142 1174 λοιποῦ

71 1229 106 1278 10
125 1218 188 1300 ἄρα
212 1224 271 1280 τοῦ
290 1219 360 1280 HA
382 1217 465 1300 πρὸς
484 1215 524 1306 τὸ
543 1219 608 1279 ΑΒ
632 1217 730 1297 λόγος
753 1213 821 1279 ἐστὶ
840 1214 962 1290 δοθείς.
998 1215 1016 1281 ὁ
1037 1216 1142 1292 αὐτὸς

123 1322 213 1410 αὐτῷ
241 1319 401 1406 γεγονέτω
430 1321 447 1387 ὁ
475 1329 535 1386 τοῦ
560 1325 631 1386 ΓΗ
653 1324 736 1408 πρὸς
762 1322 800 1387 τὸ
823 1328 855 1386 Α
863 1326 899 1386 Θ.
945 1325 1044 1406 λόγος
1072 1325 1140 1407 ἄρα

122 1426 260 1494 καὶτοῦ
286 1432 358 1493 ΓΗ
380 1428 463 1514 πρὸς
485 1429 522 1493 τὸ
545 1434 578 1492 Α
586 1432 614 1493 Θ
641 1428 764 1506 δοθείς.
809 1425 913 1493 δοθέν
936 1424 973 1493 δὲ
996 1431 1033 1495 τὸ
1058 1433 1140 1494 ΓΗ.

123 1531 228 1600 δοθὲν
251 1536 315 1620 ἄρα
337 1532 393 1599 καὶ
415 1535 453 1598 τὸ
476 1538 552 1599 ΑΘ.
598 1532 653 1599 καὶ
677 1534 756 1600 ὅλον
779 1543 839 1600 τοῦ
864 1539 924 1600 TA
948 1536 1032 1620 πρὸς
1055 1534 1140 1600 ὅλον

123 1644 161 1708 τὸ
183 1646 244 1707 ΘΒ
268 1644 366 1725 λόγος
384 1638 453 1706 ἐστὶ
472 1642 595 1717 δοθείς.
630 1640 742 1725 πόλιν,
765 1640 834 1706 ἐπεὶ
852 1643 889 1707 τὸ
907 1645 968 1706 TA
991 1650 1051 1707 τοῦ
1070 1647 1138 1706 ΕΖ

69 1760 105 1807 15
124 1747 261 1814 δοθέντι
281 1738 394 1833 Ιμεῖζόν
417 1747 507 1813 ἐστιν
529 1744 553 1831 ἢ
574 1747 610 1813 ἐν
633 1750 735 1836 λόγῳ,
759 1747 945 1834 ἀφῃρήσθω
969 1749 1006 1814 τὸ
1031 1745 1142 1814 δοθέν

123 1855 265 1940 μέγεθος
287 1857 325 1921 τὸ
345 1858 418 1920 ΓΚ.
455 1859 574 1935 λοιποῦ
596 1862 656 1919 τοῦ
675 1856 740 1919 KA
762 1856 845 1939 πρὸς
862 1859 925 1919 ΕΖ
949 1857 1047 1937 λόγος
1065 1854 1140 1920 ἐστὶ

123 1963 246 2038 δοθείς.
283 1961 301 2027 ὁ
325 1961 424 2037 αὐτὸς
447 1961 536 2049 αὐτῷ
559 1959 762 2044 γεγονέτω’ὁ
786 1969 845 2026 τοῦ
869 1963 936 2026 ΓΚ
954 1963 1039 2046 πρὸς
1059 1967 1140 2027 ΛΕ.

120 2072 220 2152 λόγος
248 2070 312 2154 ἅμα
339 2065 394 2132 καὶ
420 2076 480 2132 τοῦ
505 2070 572 2132 ΓΚ
595 2067 679 2152 πρὸς
700 2071 768 2132 ΛΕ
793 2068 915 2144 δοθεές.
964 2064 1069 2132 δοθὲν
1098 2067 1137 2134 δέ

30 2215 33 2223 ·
119 2178 157 2240 τὸ
186 2178 261 2240 ΓΚ.
308 2171 411 2239 δοθὲν
439 2176 502 2258 ἄρα
528 2171 584 2238 καὶ
611 2175 648 2239 τὸ
675 2177 749 2238 ΛΕ.
794 2172 849 2238 καὶ
877 2175 956 2240 ὅλον
983 2183 1044 2239 τοῦ
1073 2178 1141 2240 TA

65 2294 103 2342 το
120 2283 204 2366 πρὸς
235 2281 314 2346 ὅλον
346 2281 383 2344 τὸ
410 2283 475 2344 ΛΖ
508 2282 607 2361 λόγος
638 2277 707 2344 ἐστὶ
740 2281 861 2356 δοθείς.
916 2289 976 2345 τοῦ
1007 2278 1044 2345 δέ
1073 2284 1140 2365 TA

120 2388 206 2471 πρὸς
231 2389 292 2450 ΘΒ
320 2387 418 2468 λόγος
446 2383 515 2449 ἐστὶ
542 2387 665 2462 δοθείς.
710 2384 848 2451 καὶτοῦ
874 2391 935 2452 ΘΒ
963 2388 1028 2472 ἅμα
1050 2389 1139 2474 πρὸς

120 2498 187 2558 ΛΖ
211 2494 309 2575 λόγος
332 2490 401 2557 ἐστὶ
424 2492 546 2569 δοθείς.
590 2489 646 2557 κοιλ
674 2491 840 2579 ἀφῄρηται
863 2491 920 2558 ἀπ’
945 2493 1058 2560 αὐτῶν
1081 2495 1137 2559 δε-

122 2597 247 2684 δομένα
274 2596 397 2682 μεγέθη
425 2598 465 2662 τὰ
495 2602 570 2682 ΘΑ,
588 2603 663 2663 ΛΕ.
713 2599 753 2662 τδι
778 2604 858 2683 AB,
877 2604 940 2664 ΕΖ
962 2596 1032 2686 Ιᾶροι
1059 2602 1137 2684 ἤτοι

83 2784 91 2799 ·
120 2707 206 2787 πρὸς
234 2706 358 2789 ἄλληλα
387 2707 487 2787 λόγον
515 2703 578 2782 ἕξει
606 2703 799 2790 δεδομένον,
832 2703 852 2788 ἢ
875 2707 911 2770 τὸ
935 2704 1050 2791 ἕτερον
1072 2715 1140 2771 τοῦ

64 2824 100 2872 25
120 2811 233 2898 ἑτέρου
258 2809 394 2876 δοθέντι
416 2813 525 2896 μεῖζόν
548 2811 638 2877 ἐστιν
660 2810 680 2895 ἢ
704 2811 741 2877 έν
763 2814 859 2900 λόγῳ.
953 2823 955 2829 “

83 2994 87 3002 ι
122 2993 324 3004 -——-—·--'-

189 3117 213 3165 1.
240 3110 296 3181 ἔχει
315 3112 340 3182 β.
396 3116 420 3164 2.
441 3109 526 3182 ἐστιν]
546 3127 629 3180 supra
644 3126 733 3183 comp.
748 3110 812 3164 add.
824 3111 931 3164 'm.2v.'
982 3115 1006 3166 8.
1026 3110 1134 3166 ἐπεί-

117 3188 143 3238 9.
163 3182 196 3236 λό
215 3202 236 3236 ο
268 3198 322 3235 om.
342 3199 367 3236 a.
441 3186 465 3235 8.
485 3181 570 3253 ἐστιν]
590 3199 643 3236 om.
663 3199 689 3237 v.
767 3187 808 3236 10.
828 3181 895 3254 ἄρα]
915 3199 969 3238 om.
988 3199 1013 3236 a.
1088 3190 1137 3237 12.

115 3203 294 3334 &wespa
313 3269 338 3308 ο.
412 3259 454 3307 15.
474 3252 558 3325 ἐστιν]
578 3270 631 3307 om.
652 3269 676 3307 ο.
744 3259 786 3307 16.
806 3250 879 3309 ἐστίν
897 3271 923 3307 v.
997 3257 1039 3307 18.
1058 3256 1136 3379 (1Εέ

116 3324 432 3392 EAa31tem1in.19.
505 3321 666 3379 τοιοοοι
687 3325 994 3396 ιιι-τιμῆεν)
1015 3327 1120 3391 οντα

113 3404 166 3450 τοῦ
186 3399 240 3520 A?
258 3412 283 3450 a.
367 3402 409 3450 21.
428 3392 488 3466 καί]
508 3413 562 3450 om.
580 3414 606 3450 v.
689 3401 730 3450 22.
750 3395 906 3468 ἀφῄρηται]
924 3394 1084 3468 ἀφῃρήσθω
1103 3413 1136 3451 v.

150 3472 192 3523 24.
225 3485 268 3537 χει
286 3483 311 3521 a.

65 3572 129 3616 A..
