2400 3840
449 145 727 200 PROLEGOMENA.
1017 146 1094 199 XXV

86 302 124 339 an
138 284 255 337 Thuano
276 283 418 352 debeatur,
437 302 511 337 nunc
530 284 636 338 dubito.
666 302 699 338 ex
713 287 787 340 notis
805 287 953 340 aThuano
972 288 1095 358 margini

84 363 237 432 adscriptis
260 364 312 416 has
337 364 446 419 adfero:
479 383 505 434 p.
526 370 572 432 32,
594 370 625 417 15
650 365 808 436 ἀφῃρήσθω
833 368 922 420 ‘hunc
945 367 1037 421 locum
1057 368 1094 420 ab

82 443 245 515 ἀφῃρήσθω
270 443 307 496 ad
329 444 377 497 acl
395 452 444 496 τοῦ
466 448 513 496 ΖΒ
536 446 605 513 puto
630 444 670 497 sic
692 446 855 516 legendum:
884 447 1041 517 ἀφῃρήσθω
1063 448 1094 500 τὸ

83 521 176 579 δοθὲν
200 521 320 592 μέγεθος
338 527 397 577 ΑΖ,
435 522 520 576 πάλιν
539 524 599 577 ἐπεὶ
617 525 648 578 τὸ
667 529 723 578 ΔΕ
745 534 795 578 τοῦ
816 530 842 578 Γ
862 524 978 581 δοθέντι
1001 526 1094 595 μεῖζόν

82 605 158 659 ἐστιν
183 601 200 671 ἦ
225 602 256 657 ἐν
279 602 363 676 λόγῳ,
392 600 550 675 ἀφῃρήσθω
572 605 604 658 τὸ
629 602 718 660 δοθὲν
742 603 862 675 μέγεθος
883 607 914 660 τὸ
938 611 1003 661 ΔΗ.
1046 607 1095 660 καὶ

81 683 166 754 λόγος
185 683 240 751 ἄρα
259 691 308 736 τοῦ
328 686 427 738 λοιποῦ
448 688 505 738 ΗΕ
524 685 593 752 πρὸς
611 685 641 739 τὸ
664 690 689 738 Γ
706 684 802 739 δοθέν.
831 683 880 738 διὰ
893 685 981 739 τοιόσδε
996 687 1030 756 δὴ
1046 688 1095 741 καὶ

81 772 134 818 τοῦ
156 762 204 817 ΖΒ
224 763 294 831 πρὸς
312 763 342 818 τὸ
363 768 390 817 Γ
406 763 487 834 λόγος
506 765 561 818 ἐστὶ
580 763 707 832 δοθείς’;
735 785 762 835 p.
782 771 824 834 44,
845 772 860 818 5
884 765 950 820 ὥστε
974 767 1022 820 καὶ
1045 776 1095 820 τοῦ

469 857 498 884 ex
511 847 634 895 hypothesi

84 902 138 952 ΓΖ
163 897 299 951 ‘fortasse
323 897 374 951 sic:
403 896 472 950 ἀλλὰ
495 907 543 951 τοῦ
566 896 617 967 μὲν
642 902 693 951 ΓΖ
716 897 786 965 πρὸς
807 898 838 951 τὸ
859 903 881 950 Α
889 901 913 950 Ε
935 897 1016 966 λόγος
1040 898 1096 952 ἐστὶ

82 974 191 1039 δοθείς.
217 977 265 1031 καὶ
279 985 328 1031 τοῦ
343 981 397 1030 ΑΕ
411 976 466 1043 ἄρα
479 979 550 1045 πρὸς
563 979 593 1032 τὸ
607 983 658 1032 ΖΔ
672 977 753 1046 λόγος
767 977 822 1030 ἐστὶ
837 975 934 1039 δοθείς
948 981 1035 1048 (prop.
1047 979 1095 1048 8⁰).

82 1065 134 1111 τοῦ
154 1054 186 1110 δὲ
208 1060 259 1111 ΖΔ
281 1056 351 1123 πρὸς
370 1060 423 1109 ΒΕ
445 1056 526 1125 λόγος
544 1057 600 1111 ἐστὶ
619 1055 716 1119 δοθείς
735 1074 768 1111 ex
786 1058 942 1127 hypothesi.
980 1058 1029 1112 κοιλ
1046 1067 1104 1111 roo

84 1141 140 1191 ΑΕ
159 1136 215 1204 ἄρα
230 1136 299 1203 πρὸς
313 1136 344 1190 τὸ
361 1140 412 1189 ΕΒ
426 1136 507 1206 λόγος
522 1137 577 1190 ἐστὶ
592 1135 696 1199 δοθείς.
722 1136 788 1190 ὥστε
802 1135 930 1205 πάντος’,
953 1157 979 1207 p.
992 1143 1051 1207 138,
1062 1143 1104 1190 21·

82 1216 154 1284 πρὸς
173 1216 224 1286 τήν
245 1220 300 1269 ΓΚ
314 1218 375 1285 (pr.)
401 1217 514 1269 ‘malim
533 1217 618 1286 ἄλλην
637 1216 701 1272 τινά
724 1220 753 1271 et
769 1237 820 1287 pro
838 1227 887 1287 τῆς
907 1223 961 1272 ΓΚ
969 1221 988 1289 ¹)
1007 1218 1096 1286 αὐτήν

84 1299 114 1352 et
132 1297 175 1350 ita
193 1295 341 1351 retinenda
361 1300 404 1350 est
422 1296 506 1351 lectio
525 1297 608 1350 huius
626 1297 694 1352 libri
711 1298 817 1353 reiecta
836 1298 926 1353 altera
943 1316 976 1352 ex
990 1299 1104 1369 regio’3-

83 1397 111 1449 p.
128 1382 188 1445 140,
207 1382 240 1429 23
259 1376 329 1444 πρὸς
346 1376 397 1446 τὴν
418 1381 466 1430 ΓΛ
486 1376 557 1430 ‘sine
576 1377 662 1431 dubio
680 1377 842 1448 legendum:
867 1379 937 1446 πρὸς
954 1378 1025 1448 ἣνὴ
1048 1384 1096 1433 ΓΛ

82 1456 167 1526 λόγον
189 1455 245 1526 ἔχει
268 1454 451 1524 δεδομένον’;
478 1476 505 1526 p.
526 1463 586 1526 152,
605 1463 622 1509 4
644 1465 693 1526 τῆς
711 1463 764 1511 ΛΖ
783 1491 817 1498 -
836 1464 851 1511 5
872 1457 924 1527 γάρ
950 1461 1035 1529 ‘puto
1055 1459 1095 1513 sic

84 1537 249 1609 legendum:
268 1544 316 1605 τῆς
332 1540 386 1589 ΓΕ
405 1536 460 1604 ἄρα
479 1537 548 1603 πρὸς
561 1537 613 1606 τήν
630 1542 677 1590 ΖΒ
697 1536 777 1606 λόγος
794 1537 850 1591 ἐστὶ
864 1537 968 1601 δοθείς.
998 1540 1096 1601 δοθεὶς

83 1615 115 1672 δὲ
134 1625 185 1687 τῆς
205 1621 253 1669 ΖΒ
272 1616 342 1684 πρὸς
360 1616 411 1685 τὴν
432 1620 487 1669 ΕΔ
505 1615 593 1686 λόγος.
622 1617 737 1686 καὶτῆς
757 1619 834 1686 ΓΕ’;
862 1625 960 1687 ρ192,
976 1625 1009 1673 19
1029 1618 1097 1672 ὥστε

86 1698 151 1752 ‘hoc
171 1695 240 1750 diors
258 1713 315 1750 non
333 1696 420 1765 probo
439 1696 584 1764 multoque
603 1697 695 1750 minus
714 1715 832 1765 sequens
852 1697 903 1767 γάρ
913 1699 940 1769 ²).
973 1717 1039 1752 nam
1054 1699 1096 1752 ita

84 1776 205 1848 probare
233 1792 329 1845 posses
354 1781 375 1837 Β
404 1792 464 1829 esse
492 1775 606 1845 μεγέθει
634 1776 797 1846 δεδομένην,
835 1779 1015 1846 censendum,
1043 1779 1104 1832 hoc

85 1857 174 1920 ἄλλως
198 1855 347 1910 delendum
367 1857 453 1923 esse'3
481 1874 507 1924 p.
525 1861 588 1923 196,
604 1861 620 1908 8
640 1857 758 1910 δοθεῖσα
777 1890 812 1896 -
831 1863 846 1909 9
866 1856 953 1927 γωνία
978 1860 1025 1911 ‘at
1043 1859 1105 1911 hoc

83 1937 211 1992 nondum
226 1935 467 1990 demonstratum'.
496 1936 583 1989 uerba
601 1954 628 2004 p.
645 1941 704 2003 156,
719 1943 734 1989 9
755 1940 952 2006 ΒΑΓ-τῶν,
970 1957 997 2006 p.
1009 1944 1095 2006 170,7

85 2015 154 2070 ὥστε
173 2020 239 2068 -8
259 2013 368 2088 δοθείς,
392 2035 418 2085 p.
436 2021 495 2084 174,
511 2022 544 2069 20
564 2016 690 2085 εἰλήφθω
710 2048 744 2056 -
763 2022 796 2068 21
815 2017 846 2070 τὸ
866 2022 887 2069 Β
906 2036 942 2071 m.
959 2023 973 2069 1
993 2017 1098 2071 omissa

84 2096 220 2149 Thuanus
244 2093 274 2147 in
293 2112 381 2166 marg.
402 2095 552 2164 suppleuit.
590 2096 620 2148 in
642 2098 696 2150 fine
715 2096 852 2150 Daturum
875 2098 1007 2150 adnotat:
1038 2098 1096 2150 ‘se-

85 2175 204 2244 quentia
229 2175 330 2228 desunt
352 2175 382 2228 in
404 2175 493 2245 Regio
519 2176 697 2246 exemplari’.
744 2177 890 2244 sequentia
918 2194 989 2246 quae
1018 2177 1104 2245 dicit,

87 2256 148 2311 sine
172 2255 259 2309 dubio
282 2255 410 2326 longiora
433 2255 485 2308 illa
508 2255 615 2310 scholia
636 2256 716 2310 codd.
736 2256 827 2310 PVat.
847 2260 926 2326 sunt,
955 2256 1098 2326 exemplar

87 2340 196 2403 autem,
216 2335 291 2403 quod
309 2335 419 2406 regium
439 2335 576 2404 adpellat,
595 2336 652 2389 nisi
670 2335 766 2404 fallor,
786 2338 845 2390 cod.
862 2344 903 2392 19,
941 2337 964 2390 is
984 2337 1098 2406 quidem

87 2416 198 2471 scholia
221 2415 272 2469 illa
294 2433 352 2469 non
377 2415 514 2484 continet,
543 2415 775 2484 interpolationes
798 2417 869 2470 istas
892 2435 928 2472 m.
949 2424 964 2469 2
983 2417 1048 2470 Vat.
1068 2415 1099 2467 in

85 2499 167 2551 textu
186 2495 274 2550 habet
292 2511 419 2562 unusque
439 2511 473 2548 ex
491 2495 606 2564 reliquis
625 2496 760 2549 Parisinis
779 2516 805 2566 p.
822 2505 863 2565 74,
879 2504 894 2551 6
916 2502 964 2551 ΓΑ
983 2515 1033 2567 pro
1048 2502 1097 2551 ΑΒ

85 2577 206 2648 praebet
224 2577 260 2645 (u.
276 2578 378 2645 supra).

159 2656 218 2710 iam
241 2654 398 2723 disputatio
422 2655 539 2724 delapsa
562 2657 605 2708 est
628 2655 664 2707 ad
688 2672 735 2709 eos
759 2657 882 2726 codices,
910 2658 1013 2727 quiex
1032 2658 1099 2711 Vat.

87 2736 227 2806 originem
246 2734 352 2788 ducunt
371 2736 400 2787 et
415 2734 648 2803 interpolationes
667 2754 703 2788 m.
720 2743 734 2787 2
754 2737 836 2791 huius
856 2738 960 2791 codicis
975 2739 1004 2792 in
1018 2741 1098 2791 textu

85 2817 202 2870 habent.
240 2816 306 2868 sunt
329 2817 424 2868 autem
447 2818 559 2884 praeter
581 2816 641 2868 cod.
663 2820 708 2883 19,
733 2833 815 2883 quem
839 2818 921 2871 modo
944 2816 1099 2884 nominaui,

87 2896 169 2951 codd.
187 2900 228 2962 15,
249 2899 290 2962 16,
310 2899 352 2961 aa,
372 2899 414 2962 εν,
434 2899 476 2947 ae.

160 2993 193 3029 ac
213 2974 351 3042 codd.15,
368 2979 400 3025 16
419 2973 533 3041 quidem
552 2973 652 3028 intimo
670 2975 744 3029 inter
758 2994 787 3030 se
806 2976 1021 3031 necessitudinis
1035 2975 1098 3027 uin-

87 3057 151 3111 culo
172 3053 314 3108 coniuncti
338 3056 415 3120 sunt3
444 3053 492 3107 cfr.
511 3073 538 3123 p.
555 3060 615 3121 4,7
639 3064 687 3108 τοῦ
708 3053 856 3126 δοθέντος]
874 3065 923 3110 τοῦ
944 3054 1099 3123 ἐλάσσονος,

87 3144 130 3207 15,
151 3141 198 3202 16,
226 3153 253 3203 p.
271 3139 364 3201 14,1e
385 3131 485 3204 οὕτως]
506 3151 559 3187 om.
580 3139 626 3201 15,
648 3140 693 3202 163
721 3155 747 3204 p.
765 3141 824 3204 126,
844 3141 876 3187 21
897 3133 967 3202 πρός
981 3136 1017 3204 (u.
1034 3134 1098 3204 adp.

88 3217 178 3286 crit.)]
198 3232 251 3268 om.
273 3219 379 3282 15,16.
418 3230 432 3267 e
456 3214 516 3266 cod.
538 3219 570 3266 15
595 3216 623 3267 et
647 3215 773 3269 codicem
794 3221 825 3269 16
848 3214 1019 3282 descriptum
1038 3231 1099 3267 esse

87 3300 116 3352 et
139 3293 371 3363 interpolationes
395 3293 465 3346 istas
484 3293 513 3346 in
535 3294 595 3347 cod.
614 3294 679 3347 Vat.
698 3294 865 3361 translatas,
888 3291 932 3344 his
953 3292 1099 3363 scripturis

85 3419 202 3427 -.--.-
207 3417 300 3424 ...n-⁶·-

161 3494 187 3561 1)
206 3490 262 3545 Scil
291 3488 340 3542 alt.
360 3488 411 3557 τήν
433 3493 493 3541 ΓΚ,
585 3491 610 3558 2)
630 3488 662 3542 U.
683 3488 746 3556 adp.
767 3487 826 3541 crit.
