2400 3840
533 175 699 231 scnom.
1055 175 1121 241 265

105 318 190 403 πρὸς
213 318 338 399 ἄλληλα
362 320 460 400 λόγος
478 316 620 402 δέδοται,
643 315 700 382 καὶ
718 326 822 383 ταῦτα
840 319 972 397 πόντος
990 320 1121 386 δέδοται

106 424 146 487 τὰ
164 421 299 506 μεγέθη.
335 423 494 500 πολλάκις
512 424 576 510 γὰρ
599 423 617 489 ὁ
641 420 701 507 μὲν
725 426 823 508 λόγος
845 425 956 491 αὐτῶν
979 425 1121 511 δέδοται,

105 527 189 592 αὐτὰ
213 524 249 592 δὲ
273 527 314 592 οὐ
337 527 479 594 δέδοται.

176 643 227 707 20.
265 646 371 707 Τοῦτο
399 642 624 729 ἀντίστροφόν
651 643 723 709 ἐστί
742 666 813 720 πως
839 653 899 709 τοῦ
921 646 985 730 πρὸ
1009 645 1121 709 αὐτοῦ.

109 748 236 835 οὐγὰρ
261 749 302 833 δη
321 752 470 815 καθόλου
490 747 608 836 ῥητέον
627 749 708 815 αὐτὸ
728 749 961 836 ἀντίστροφον.
998 745 1040 833 ἦν
1058 751 1121 837 γδιρ
1158 766 1176 815 5

107 853 150 918 ἀν
172 856 210 918 τὸ
234 853 458 942 ἀντίστροφον
485 857 522 921 τὸ
545 859 695 921 καθόλου
719 858 771 921 όν·
805 856 864 921 ἐὰν
887 855 1012 940 μεγέθη
1039 858 1123 943 πρὸς

107 961 233 1042 ἀλληλα
252 963 352 1042 λόγον
371 965 428 1047 έχη
443 960 633 1046 δεδομένον,
654 960 786 1027 δέδοται
801 972 846 1050 τῷ
861 960 1003 1046 μεγέθει.
1035 959 1122 1039 τινές

107 1062 144 1129 δὲ
167 1067 205 1130 τὸ
228 1067 387 1153 θεώρημα
409 1069 725 1154 ψευδογραφοῦντες
748 1068 934 1152 ἐπείγονται
957 1070 1122 1135 δεικνύειν

107 1170 332 1258 ἀντίστροφον
359 1175 440 1239 αὐτὸ
467 1183 528 1238 τοῦ
554 1175 619 1260 πρὸ
648 1174 752 1239 αὐτοῦ
784 1179 843 1240 καί
872 1179 908 1240 τί
932 1193 1037 1260 φασιν
1064 1176 1121 1252 ὡς·

107 1277 166 1343 ε’διν
192 1276 316 1361 μεγέθη
344 1281 419 1345 τινδι
451 1282 552 1362 λόγον
580 1283 637 1366 ἔχη
669 1281 753 1367 πρὸς
779 1283 905 1364 ἄλληλα
933 1280 1122 1366 δεδομένον,
1143 1297 1177 1346 1ο

109 1382 242 1450 δέδοται
265 1395 310 1473 τῷ
334 1383 477 1469 μεγέθει.

174 1501 226 1564 21.
258 1499 326 1565 Καὶ
353 1503 435 1565 έστω
464 1500 481 1566 ὁ
509 1509 569 1565 τοῦ
594 1503 627 1564 Γ
653 1523 683 1584 p.
704 1501 742 1585 6,
769 1501 826 1585 20]
861 1500 993 1565 δέδοται
1021 1500 1077 1566 καὶ
1104 1501 1121 1568 ὁ

108 1613 168 1670 τοῦ
187 1609 221 1670 Γ
237 1607 321 1692 πρὸς
342 1608 380 1671 τὸ
398 1612 432 1670 Δ
454 1608 552 1688 λόγος
575 1606 632 1670 διὰ
654 1607 692 1670 τὸ
712 1604 935 1692 ἀντίστροφον
953 1615 1013 1671 τοῦ
1031 1607 1122 1693 ὅρον.

109 1710 242 1776 δέδοται
264 1708 300 1776 δὲ
323 1720 384 1775 τοῦ
407 1716 440 1775 Α
466 1712 549 1797 πρὸς
572 1713 609 1777 τὸ
635 1714 667 1776 Γ
690 1714 789 1795 λόγος
816 1713 872 1776 διὰ
897 1721 957 1776 τοῦ
980 1711 1024 1777 α’.
1070 1711 1122 1777 δέ-

108 1817 203 1882 δοται
231 1813 268 1881 δέ
295 1815 351 1881 καὶ
380 1825 440 1881 τοῦ
466 1821 495 1881 Β
527 1818 611 1903 πρὸς
637 1818 674 1883 τὸ
698 1822 732 1881 Δ
759 1819 857 1899 λόγος
884 1818 940 1882 διδι
967 1819 1005 1882 τὸ
1033 1817 1123 1884 ἀντι·
1142 1834 1177 1883 16

108 1925 270 2009 στρόφιον
306 1931 366 1992 τοῦ
403 1923 494 2009 ὅρου.
556 1929 631 1989 ίσον
662 1924 726 2010 γὰρ
758 1923 847 2010 αὐτῷ
880 1932 926 2010 τῷ
959 1929 988 1988 Β
1021 1925 1058 1989 τὸ
1090 1931 1124 1988 Δ

106 2032 301 2115 πεπόρισται
326 2028 362 2093 έν
386 2027 553 2117 δεδομένῳ
577 2032 674 2117 λόγηο.

176 2154 227 2217 22.
249 2150 343 2218 Ἴσον
366 2154 430 2238 ἀρα
453 2176 483 2237 p.
503 2157 532 2238 6,
551 2152 608 2237 23]
634 2153 690 2217 διδι
708 2161 768 2216 τοῦ
786 2150 826 2217 θ’
844 2161 905 2216 τοῦ
928 2150 966 2217 ε’.
1002 2154 1064 2239 χρὴ
1088 2149 1125 2217 δὲ

109 2259 299 2343 γινώσκειν,
332 2259 383 2324 ότι
410 2260 450 2324 τδι
479 2265 534 2325 ίσα
564 2249 684 2325 καὶτὸ
714 2259 794 2324 αὐτὸ
824 2257 932 2342 λέγειν
959 2257 996 2324 έν
1024 2258 1123 2324 ἐστιν.

107 2363 124 2429 ὃ
148 2366 212 2452 γάρ
236 2365 327 2431 ἐστιν
350 2371 425 2431 ίσον
447 2367 525 2449 τινί,
548 2364 604 2430 καὶ
626 2367 664 2430 τὸ
684 2365 766 2431 αὐτό
789 2365 880 2431 ε’στιν
903 2365 1017 2454 έκείνφ
1040 2366 1123 2430 κατὰ
1141 2381 1177 2429 20

107 2473 169 2556 τὴν
194 2475 336 2554 ίσότητα.
382 2472 444 2537 οὐκ
472 2470 682 2559 ἀντιστρέφει
711 2470 762 2537 δέ·
795 2472 836 2537 οὐ
863 2473 927 2559 γδιρ
951 2473 1031 2559 ὅπερ
1055 2471 1124 2537 ἐστὶ

108 2579 146 2642 τὸ
170 2577 251 2642 αὐτό
274 2601 351 2662 τινι,
374 2576 429 2642 καὶ
453 2584 527 2644 ίσον
552 2576 641 2644 ἐστὶν
665 2579 791 2666 ε’κείνφ·
817 2579 957 2645 δύναται
981 2577 1123 2666 γὰρκαὶ

107 2684 190 2747 κατδι
212 2686 371 2765 ποιότητα
394 2686 496 2768 τυχὸν
518 2685 555 2749 τὸ
579 2685 660 2750 αὐτὸ
684 2680 779 2750 εἶναι.

144 2875 492 3000 221οὸ,11)’1λοο1.νο1Μοιι.
509 2877 653 2943 (superscr.
668 2883 718 2929 τοῦ
734 2873 876 2946 δευτέρον)
891 2892 956 2944 τρο.
1014 2882 1057 2929 21.
1077 2893 1122 2930 νο.

181 3128 205 3178 1.
225 3123 326 3195 ταῦτα]
340 3121 404 3175 fort.
420 3119 500 3177 αάτοί
556 3127 580 3176 4.
600 3119 800 3203 ἀντίστροφον]
819 3143 879 3178 ι-ον
897 3121 943 3176 Pl.
999 3126 1023 3176 6.
1042 3121 1124 3193 αὐτό]

108 3193 177 3248 τόΙ.
244 3190 397 3262 ἀντίστροφ
399 3193 488 3263 ον]-ι
477 3212 521 3247 ιον
540 3192 628 3262 Mon.
647 3192 717 3247 item
735 3192 783 3249 lin.
804 3199 828 3248 6
893 3199 916 3248 6.
938 3191 986 3264 ἀν]
1006 3209 1059 3246 om.
1079 3210 1123 3248 vr.

144 3263 271 3336 τό(ε11)]
291 3280 344 3318 om.
364 3263 439 3317 Mon.
513 3268 537 3316 8.
556 3263 600 3334 τό]
616 3236 953 3337 όω.οι.1101Μοο.,τφ1
1018 3265 1124 3335 ψευδο-

109 3352 924 3497 γραφοθντεςΙ]-.;λ1Ῥ1οολν·γραφ’1·0,-γροίφει.Μοο
998 3376 1023 3426 9
1042 3369 1111 3425 αότό

109 3458 155 3495 om
182 3442 257 3498 Mon.
289 3457 381 3495 acuns.
400 3439 500 3494 relicta.
519 3446 535 3494 6
555 3440 610 3496 litt.
702 3447 743 3496 14.
766 3443 806 3514 Γ]
826 3445 885 3513 βο.
976 3450 1026 3496 τοῦ
1041 3441 1111 3513 (alt.)

107 3512 181 3568 τ.όσ
255 3517 297 3568 19.
316 3510 408 3583 λέγειν
426 3511 523 3567 καὶτὸ
542 3511 671 3568 αότόο1.
