2400 3840
126 153 243 208 XXXIV
495 156 773 209 PROLEGOMENA.

125 296 263 352 omissum
281 312 354 364 esse;
375 313 402 350 u.
421 313 447 366 p.
465 301 566 365 10,11;
587 302 630 364 12,
645 302 674 365 53
695 302 798 366 1411,
819 302 861 365 20,
877 302 910 350 17
917 321 923 364 3
943 299 986 365 22,
1003 302 1031 365 ⁷3
1052 302 1095 365 26,
1110 303 1137 363 33

127 382 291 447 34,11,11;
314 382 357 445 44,
373 382 420 444 ao,
439 382 544 446 4414,
564 382 667 444 14114
692 382 733 445 14,
750 383 854 444 14,14;
879 381 921 446 rc,
936 383 978 431 as.
1016 393 1105 446 quare
1123 375 1136 430 ὁ

127 459 157 511 et
174 456 228 512 hoc
246 457 308 511 loco
331 458 360 510 et
381 475 408 526 p.
424 461 471 525 30,
488 462 534 525 10,
560 456 611 510 ubi
633 456 664 509 in
687 456 815 511 omnibus
839 456 919 510 libn‘s
944 456 1036 526 deest,
1065 456 1138 511 inter

124 538 214 592 uerba
231 536 358 592 Euclidis
375 535 566 607 recipiendum
586 538 653 591 erat.

196 647 223 698 p.
239 632 286 696 44,
303 632 317 679 7
336 626 367 681 in
384 643 402 680 a
421 622 536 679 additur
559 627 675 680 καὶτοῦ
694 628 747 679 ΑΕ
761 649 768 680 :
783 629 835 679 ΕΒ
857 625 937 694 λόγος
955 624 1012 680 ἐστὶ
1031 627 1139 688 δοθείς.

127 725 191 762 cum
207 707 306 779 negari
323 724 379 762 non
392 705 490 776 possit,
509 705 584 760 inter
596 705 729 774 rationes,
748 722 819 775 quas
834 706 915 760 datas
930 722 991 760 esse
1004 705 1140 760 Euclides

126 788 314 856 demonstrat,
341 786 480 840 rationem
498 788 551 840 ΑΕ
566 810 572 842 :
588 788 639 839 ΕΒ
663 784 829 854 desiderari,
851 801 882 839 re
905 785 1065 840 accuratius
1090 786 1139 841 de-

123 869 247 923 liberata
259 869 329 938 puto
343 865 396 920 illa
409 866 504 934 uerba,
523 881 596 934 quae
611 864 733 919 insonte
747 863 875 919 codicum
888 864 1005 919 PVat.v
1022 868 1140 935 propter

125 944 334 1017 ὁμοιοεέλευιον
360 944 445 999 facile
472 944 639 1000 intercidere
665 944 791 1015 potuisse
816 945 946 1015 adparet,
974 944 1140 1015 recipienda

124 1027 225 1095 fuisse,
255 1025 343 1079 uerba
370 1027 466 1079 autem
492 1023 510 1079 l.
531 1031 546 1079 6
570 1024 640 1079 otto
659 1030 722 1077 -7
742 1027 841 1087 δοθείς
856 1025 927 1097 (alt.)
954 1024 1028 1079 nihil
1056 1024 1137 1079 aliud

124 1110 252 1177 spectare
271 1105 326 1158 nisi
344 1107 377 1158 ut
395 1105 612 1172 demonstretur,
631 1105 769 1160 rationem
787 1109 840 1160 ΑΕ
855 1130 861 1163 :
877 1110 928 1160 ΕΒ
948 1106 1046 1160 datam
1065 1122 1138 1174 esse,

125 1202 297 1254 quamquam
326 1184 442 1239 insolita
474 1185 721 1239 demonstrationis
748 1185 875 1241 breuitas
904 1185 1034 1254 offendit,
1068 1184 1137 1239 scri-

124 1266 248 1321 bendum
271 1264 345 1318 enim
371 1267 431 1319 erat
453 1264 579 1318 Euclidis
601 1281 678 1319 more
701 1265 751 1320 17
774 1269 841 1336 post
863 1263 960 1328 δοθείς
980 1267 1057 1336 (pr.):
1087 1274 1137 1320 τοῦ

124 1349 179 1401 ΑΕ
198 1345 253 1414 ἄρα
272 1344 342 1412 πρὸς
362 1348 414 1398 ΖΔ
432 1349 454 1398 l.
471 1340 491 1399 ἕ.
507 1347 545 1400 δ’
565 1343 702 1399 0111111440
724 1348 776 1397 ΖΔ
793 1346 864 1415 πρὸς
881 1348 934 1399 ΒΕ
953 1344 1066 1401 1.ἐ.δ.·
1088 1347 1138 1400 καὶ

120 1436 172 1482 τοῦ
191 1432 212 1479 Α
219 1429 243 1479 Ε
261 1429 318 1478 κτλ.

194 1535 220 1585 p.
244 1520 291 1583 64,
311 1519 343 1567 21
367 1513 541 1582 παράλληλος
563 1513 594 1567 111
616 1530 634 1567 4
657 1514 737 1567 deest
761 1513 846 1583 idque
873 1514 1042 1586 rectissime,
1071 1534 1137 1572 cum

123 1596 202 1667 παρά
222 1627 255 1636 -
274 1593 449 1664 παράλληλος
466 1593 597 1648 Euclides
617 1593 760 1664 scripsisse
777 1611 834 1648 non
853 1593 891 1650 sit
909 1594 1125 1651 existimandus·

192 1683 243 1738 His
271 1683 433 1755 praemissis
461 1683 642 1738 statuendum
670 1684 724 1751 est,
758 1700 831 1752 quae
858 1684 954 1738 Theon
980 1678 1137 1740 mutauerit

121 1764 234 1835 etquid
248 1763 427 1834 potissimum
440 1762 645 1817 mutationibus
665 1764 776 1816 secutus
793 1779 854 1818 esse
868 1763 1007 1819 uideatur.
1035 1765 1136 1820 memi-

122 1845 246 1899 nerimus
267 1846 362 1898 autem
380 1845 499 1914 oportet,
521 1843 655 1915 exemplis
675 1842 872 1912 exscriptoris
892 1842 996 1898 codicis
1016 1861 1034 1898 a
1052 1846 1083 1898 et
1101 1861 1136 1900 ex

121 1926 274 1994 conspectu
297 1923 347 1978 illo
370 1925 416 1996 (β)
439 1923 536 1994 petitis
561 1922 723 1978 cautissime
745 1923 881 1977 utendum
904 1940 973 1978 esse.
1014 1923 1074 1978 iam
1098 1925 1136 1997 ad

112 2003 233 2075 'singula
251 2006 435 2058 transeamus.

191 2094 232 2146 Ac
250 2091 372 2162 primum
390 2090 504 2160 quidem
522 2089 619 2145 Theon
637 2091 667 2145 id
686 2091 757 2162 egit,
776 2094 808 2146 ut
828 2108 945 2160 errores,
965 2109 1034 2160 quos
1054 2108 1085 2147 se
1104 2092 1134 2146 in

119 2171 245 2226 Euelidis
264 2171 336 2224 libro
356 2169 572 2238 deprehendisse
587 2171 790 2241 arbitrabatur,
814 2173 977 2226 emendaret
999 2174 1028 2225 et
1047 2173 1132 2227 corri-

119 2254 206 2321 geret.
235 2250 311 2319 quod
328 2248 373 2302 his
393 2247 527 2318 exemplis
544 2251 734 2307 confirmatur:
753 2271 781 2322 p.
796 2257 838 2318 32,
855 2258 889 2305 14
899 2270 958 2321 sqq.
977 2252 1048 2306 miro
1063 2270 1131 2320 sane

120 2328 332 2385 demonstrandi
355 2327 453 2382 ordine
476 2330 512 2398 (u.
528 2348 556 2399 p.
571 2335 605 2383 33
619 2331 688 2401 not.)
712 2331 832 2385 offensus
857 2332 968 2387 solitam
991 2332 1132 2388 rationem

117 2409 251 2477 restituit,
270 2408 326 2462 nisi
344 2408 420 2476 quod
437 2407 519 2463 initio
534 2408 630 2464 omisit
649 2409 708 2465 ἐπεὶ
723 2409 775 2480 γὰρ
792 2410 824 2465 τὸ
838 2416 888 2465 AB
907 2419 955 2466 τοῦ
971 2416 998 2466 Γ
1013 2411 1132 2468 δοθέντι

117 2490 211 2560 μεῖζόν
231 2486 305 2543 ἐστιν
324 2486 341 2556 ἦ
361 2483 391 2543 ἓν
410 2488 480 2562 λόγῳ
500 2489 558 2560 (cfr.
572 2509 600 2561 p.
616 2495 675 2559 166,
691 2492 726 2561 3).

189 2598 215 2649 p.
233 2585 275 2648 62,
291 2584 324 2631 23
343 2577 440 2632 Τ114411
458 2578 571 2647 errauit,
591 2579 666 2648 quod
685 2578 834 2633 dicendum
853 2596 913 2635 esse
927 2581 1058 2651 putabat,
1078 2581 1131 2636 cir-

118 2659 212 2714 culum
232 2659 330 2713 datum
344 2674 405 2712 esse
418 2658 614 2729 magnitudine
622 2660 650 2729 ¹),
668 2675 759 2728 neque
772 2658 864 2730 magis
878 2658 1000 2714 feliciter
1013 2660 1046 2716 δέ
1065 2662 1130 2715 sub-

118 2738 213 2792 stituit
236 2755 286 2808 pro
305 2738 360 2808 door
379 2736 439 2791 sine
458 2737 544 2792 dubio
562 2741 677 2810 propter
693 2739 736 2808 id,
762 2740 838 2808 quod
857 2739 995 2809 sequitur,
1015 2740 1147 2796 δέδοται-

117 2820 170 2888 yolo
190 2823 246 2872 κτλ.
265 2835 335 2888 up.
351 2823 392 2888 78,
408 2824 437 2886 63
457 2823 516 2887 196,
532 2824 573 2873 21.

188 2927 215 2978 ρ.
233 2912 341 2976 160,19
360 2907 448 2962 uerba
466 2907 517 2977 μὲν
535 2914 557 2962 Α
576 2909 645 2979 πρὸς
662 2907 714 2976 τὴν
733 2914 771 2975 Δ,
790 2915 839 2976 τῆς
857 2904 890 2960 δέ
913 2922 976 2960 cum
1000 2908 1075 2963 4111,
1096 2914 1130 2962 20

117 2989 198 3057 λόγος
212 3019 245 3028 -
262 2984 360 3050 dotale
377 2987 505 3056 referret,
528 2987 575 3042 hic
594 3003 804 3059 superuacanea
822 3002 882 3040 esse
901 2985 1053 3055 iudicauit3
1081 2988 1130 3042 sed

117 3068 154 3122 ad
173 3067 441 3122 demonstrationem
463 3069 625 3136 sequentem
644 3070 734 3123 totam
752 3067 899 3121 referenda
918 3068 989 3120 sunt.
1028 3067 1130 3122 similis

117 3150 161 3202 est
179 3148 251 3202 ratio
269 3165 297 3217 p.
314 3152 378 3216 168,
393 3152 475 3216 8-0,
503 3147 553 3202 ubi
575 3147 701 3202 Euclidis
724 3147 813 3201 uerba
834 3145 969 3215 mutauit,
998 3146 1067 3214 quia
1091 3148 1130 3217 id,

115 3227 191 3296 quod
211 3232 232 3280 Β
239 3233 264 3280 Δ
283 3227 351 3281 data
370 3229 425 3296 est,
444 3226 517 3281 nulli
534 3227 597 3281 usui
616 3230 666 3282 est.

189 3424 215 3493 1)
235 3423 373 3477 δεδόσθαι
392 3423 468 3494 apud
486 3423 633 3479 Euclidem
651 3422 726 3478 idem
744 3423 822 3477 ualet
840 3423 915 3492 quod
933 3424 1073 3478 δεδόσθαι
1091 3428 1131 3498 τῷ

65 3524 100 3616 x
116 3492 233 3563 μεγέθει
250 3512 276 3548 u.
293 3493 378 3548 schol.
392 3513 433 3548 nr.
448 3500 490 3549 23.
