2400 3840
110 157 157 222 24
517 157 721 209 Δειοωωωι.

113 303 188 383 ἤτοι
213 307 287 365 ἔσον
311 299 415 383 ἐστίν,
440 298 461 380 ἢ
484 300 521 365 τὸ
545 298 659 385 ἕτερον
681 307 742 363 τοῦ
765 295 879 382 ἑτέρον
902 294 1040 363 δοθέντι
1062 309 1137 382 μεϊ-

115 410 172 485 ζόν
196 406 296 484 ἐστιν.

183 511 253 577 ἐπεὶ
281 513 345 599 γὰρ
374 509 479 577 δοθέν
502 510 592 577 ἐστιν
616 508 771 596 ἑκάτερον
794 520 862 574 τῶν
885 512 962 594 ΑΓ,
981 512 1063 592 ΒΔ,
1092 511 1137 574 τὰ

115 619 157 700 δη
182 616 328 683 δοθέντα
350 619 424 701 ἤτοι
448 623 503 682 ἔσα
526 616 617 682 ἔστὶν
639 615 660 699 ἢ
683 618 792 681 ἄνισοι.
850 592 869 614 ’
962 697 964 700 ¹

78 737 96 785 σ
183 727 265 788 ἔστω
288 727 452 809 πρότερον
476 729 544 788 ἔστι·
568 729 644 788 ἴσον
666 724 730 807 ἄρα
751 719 821 786 ἐστὶ
842 722 881 786 τὸ
899 725 970 787 ΑΓ
988 731 1034 809 τςό
1058 725 1136 787 ΒΔ.

113 832 229 896 κοινὸν
252 830 440 916 ἀφῃρήσθω
463 831 501 894 τὸ
524 832 603 894 ΒΓ·
637 829 755 893 λοιτιὸν
780 829 904 914 ἄρατὸ
927 832 995 892 AB
1024 833 1133 916 λοιπῷ

113 946 159 1023 τῷ
185 939 245 1000 ΓΔ
269 941 344 1000 ἔσον
367 934 466 1001 ἐστίν.

181 1043 225 1125 μὴ
249 1044 331 1106 ἔστω
356 1041 398 1125 δὴ
418 1046 483 1124 ἔστι,
506 1037 579 1104 ἀλλ’
600 1043 683 1105 ἔστω
706 1042 872 1129 μεῖξοντὸ
890 1043 962 1105 ΑΓ
980 1049 1042 1105 τοῦ
1058 1044 1136 1124 ΒΔ,
1168 1108 1175 1120 ,

114 1146 170 1212 καὶ
198 1150 324 1212 κείσθω
352 1155 397 1233 τῷ
421 1150 489 1211 ΒΔ
517 1153 592 1211 ἔσον
619 1147 656 1211 τὸ
686 1150 763 1212 ΓΕ·
796 1142 901 1211 δοθέν
928 1143 966 1211 δέ
989 1147 1028 1211 τὸ
1051 1150 1138 1211 ΒΔ·

62 1266 98 1314 10
116 1248 222 1317 δοθὲν
253 1254 319 1337 ἄρα
349 1249 406 1316 καὶ
437 1254 475 1317 τὸ
504 1256 575 1318 ΓΕ.
631 1256 701 1318 ἔστι
732 1249 770 1317 δὲ
800 1250 857 1317 κοιλ
888 1253 968 1318 ὅλον
999 1253 1037 1317 τὸ
1066 1255 1144 1318 ΑΓ

115 1355 233 1423 δοθέν
257 1356 313 1422 κιιὶ
337 1359 455 1423 λοιπὸν
478 1360 515 1423 τὸ
533 1363 605 1423 ΑΕ
626 1357 729 1424 δοθέν
750 1358 850 1424 ἔστιν.
886 1356 942 1423 καλ
965 1357 1035 1424 ἔιιελ
1059 1364 1138 1424 ἴσον

115 1460 186 1528 έστλ
208 1464 246 1528 τὸ
265 1467 334 1528 ΕΓ
352 1473 398 1552 τῷ
417 1468 491 1548 ΒΛ,
513 1465 629 1529 κοινὸν
648 1464 835 1551 ἀφῃρήσθω
854 1465 892 1529 τὸ
910 1467 990 1530 ΒΓ·
1014 1467 1139 1531 λοιπὸν

114 1572 180 1655 ἄρα
202 1572 240 1634 τὸ
259 1574 326 1635 ΒΕ
346 1576 450 1659 λοιπῷ
473 1579 519 1658 τῷ
539 1573 600 1635 ΓΔ
624 1575 698 1636 ἴσον
721 1570 820 1636 ἐστίν.
856 1572 916 1636 ιιιιί
936 1569 1005 1637 ἔστι
1028 1567 1140 1636 δοθέν

120 1678 158 1741 τὸ
182 1681 265 1741 ΑΕ·
288 1678 326 1742 τὸ
349 1680 416 1742 ΑΒ
439 1677 504 1762 ἅμα
526 1685 587 1742 τοῦ
611 1680 673 1743 ΓΔ
696 1677 833 1742 δοθέντι
855 1677 966 1760 μεῖζόν
989 1675 1092 1752 ἔστιν,

62 1935 97 1983 15
598 1923 656 2006 ιγ’.

181 2064 258 2130 Ἐδιν
285 2060 306 2151 ᾖ
334 2068 409 2152 τρία
436 2061 576 2148 μεγέθη,
608 2062 664 2128 καὶ
691 2065 728 2129 τὸ
751 2061 812 2148 μέν
834 2076 967 2149 πρῶτον
989 2066 1074 2149 πρὸς
1097 2067 1139 2130 τὸ

116 2172 276 2257 δεύτερον
307 2173 409 2252 λόγον
440 2171 497 2254 ἔχῃ
530 2168 725 2254 δεδομένον,
757 2171 794 2234 τὸ
822 2167 860 2235 δὲ
887 2171 1046 2255 δεύτερον
1073 2179 1139 2235 τοῦ

115 2281 232 2363 τρίτου
259 2273 396 2340 δοθέντι
423 2278 534 2358 μεῖξον
560 2268 582 2360 ᾖ
609 2274 629 2356 ἢ
657 2275 694 2340 ἑν
721 2270 825 2363 λ’όγςο,
856 2274 912 2341 ιιιιλ
939 2276 976 2341 τὸ
999 2286 1139 2362 πρῶτον

117 2390 178 2445 τοῦ
202 2384 315 2467 τρίτου
340 2378 477 2445 δοθέντι
500 2383 611 2464 μεῖζον
633 2384 724 2446 ἔσται
746 2381 767 2465 ἢ
791 2382 828 2447 ἐν
851 2384 948 2469 λόγῳ.

60 2499 98 2548 20
184 2488 266 2550 ἔστω
290 2489 365 2570 τρία
387 2483 512 2570 μεγέθη
536 2487 576 2551 τδι
599 2491 676 2570 ΑΒ,
696 2490 767 2571 ΓΔ,
785 2492 825 2571 Ε,
848 2485 963 2552 καὶτὸ
986 2483 1048 2571 μέν
1065 2492 1138 2553 AB

115 2592 199 2677 πρὸς
221 2591 258 2655 τὸ
278 2593 340 2656 ΓΔ
363 2594 465 2674 λόγον
488 2590 585 2676 ἐχέτω
609 2594 800 2677 δεδομένον,
823 2595 860 2658 τὸ
884 2589 921 2658 δὲ
941 2596 1002 2658 ΓΔ
1023 2602 1085 2659 τοῦ
1104 2599 1141 2659 Ε

116 2695 255 2764 δοθέντι
278 2700 388 2782 μεῖζον
410 2701 493 2764 ἔστω
516 2697 537 2782 ἣ
561 2697 597 2763 ἔν
620 2700 723 2786 λόγῳ·
746 2697 842 2783 λέγω,
865 2700 917 2765 ὅτι
934 2697 990 2764 καὶ
1008 2700 1046 2764 τὸ
1066 2705 1138 2765 ΑΒ

115 2813 177 2870 τοῦ
199 2810 232 2869 Ε
253 2794 399 2870 δοθέντι
412 2805 523 2887 μεῖζόν
546 2802 638 2867 ἐστιν
661 2801 681 2883 ἢ
706 2802 743 2867 ἔν
766 2806 864 2891 λόγῳ.

185 2908 254 2975 ἐπεὶ
277 2911 340 2995 γὰρ
365 2911 402 2974 τὸ
422 2911 483 2974 ΓΔ
505 2916 565 2972 τοῦ
589 2913 621 2973 Ε
643 2906 781 2973 δοθέντι
803 2911 914 2993 μεῖζόν
936 2907 1028 2974 ἔστιν
1051 2907 1073 2992 ἣ
1097 2909 1140 2976 ἐν

63 3029 99 3077 25
118 3020 221 3104 λόγῳ,
254 3015 442 3101 ἀφῃρήσθω
471 3017 508 3079 τὸ
537 3012 642 3081 δοθέν
669 3013 811 3099 μέγεθος
838 3017 875 3081 τὸ
904 3015 979 3080 ΓΖ·
1012 3021 1139 3081 λοιιιοῦ

190 3283 214 3330 3.
233 3274 454 3331 Ροεοέτιεέωιε.
473 3277 564 3332 31ίλλ.
583 3295 609 3331 v.
701 3283 726 3332 4.
746 3278 843 3349 ἄνισα]
863 3277 897 3332 ολ
916 3294 941 3332 ει.
1033 3282 1057 3331 7.
1079 3275 1181 3332 ἔστίᾼ

118 3349 199 3402 codd.
286 3352 310 3402 8.
335 3347 449 3402 ἀλλάω.
534 3357 584 3404 τοῦ
604 3350 664 3421 ΒΔ]
689 3365 742 3403 om.
763 3366 788 3404 τι.
880 3353 921 3402 11.
944 3347 1010 3419 ΑΕ]
1030 3351 1083 3403 ΕΑ
1107 3365 1135 3405 τι

156 3424 197 3472 14.
216 3418 247 3472 τό
258 3418 341 3491 (alt.)]
359 3424 397 3492 τῷ
415 3419 480 3474 vat.
553 3425 595 3474 16.
616 3417 679 3492 μέν]
700 3436 752 3474 om.
773 3421 798 3490 β.
864 3424 905 3473 20.
925 3416 1044 3490 μεγέθη]
1065 3435 1136 3475 00er

119 3505 154 3544 ex
173 3488 287 3559 μεγέθει
305 3507 342 3544 m.
358 3496 373 3543 2
392 3507 418 3543 v.
475 3488 522 3562 τά]
542 3506 610 3545 corr.
630 3507 664 3545 ex
682 3491 714 3546 τό
733 3509 769 3544 m.
786 3497 801 3544 2
816 3490 881 3544 λοι.
947 3495 990 3543 22.
1011 3489 1089 3546 ἔσται
1107 3508 1135 3545 v.
