2400 3840
496 165 705 218 PRAEFATIO.
1058 168 1110 222 VII
1168 193 1170 198 ·

142 312 376 374 commemorat
399 308 542 374 codicem
561 307 595 374 P.
615 309 772 395 Tannery,
795 311 944 396 Rapport
968 334 1023 377 sur
1046 309 1112 378 une'

143 414 280 480 mission
303 436 343 479 en
365 414 460 479 Italic
482 439 513 500 p.
531 417 585 481 43.

94 522 117 586 b
129 553 171 575 =
183 522 252 587 cod.
260 521 477 587 bibliothecae
490 523 701 588 communalis
709 523 925 590 Bononiensis
936 525 964 590 A
974 528 1059 612 1,18,
1068 527 1107 591 19

142 629 305 714 signatus,
334 630 466 693 membr.
491 651 572 696 saec.
595 628 656 715 XI,
686 631 811 696 duobus
840 636 991 697 constans
1018 632 1110 697 uolu-

141 734 298 820 minibus,
317 758 348 800 u.
363 735 468 800 uol.V
481 759 511 821 p.
523 735 668 800 XXXIII
678 759 723 822 sq.
739 741 772 802 et
785 737 939 824 Heiberg,
954 738 1107 804 Zeitschr.

143 841 163 904 f.
191 840 293 907 Math.
321 865 352 906 u.
382 841 479 928 Phys.
506 843 705 908 hist-litter.
732 843 810 910 Abt.
833 843 941 910 XXIX
966 869 996 930 p.
1021 847 1107 930 bsq.

142 947 229 1012 Data
247 949 393 1014 continet
412 949 475 1014 uol.
489 947 523 1013 Π
541 954 687 1033 quatern.
702 956 811 1036 λη-μ
828 951 902 1016 inde
923 974 942 1016 a
959 975 989 1036 p.
1001 953 1052 1034 64,
1064 953 1107 1017 22

143 1053 281 1138 ἀχθεῖσα
313 1066 352 1142 τῇ
384 1054 476 1121 θέσει
509 1053 589 1143 (mg.
622 1061 724 1122 λείπει
752 1058 772 1141 ἡ
801 1057 899 1144 ἀρχή)
931 1080 1033 1142 usque
1066 1059 1106 1123 ad

143 1184 175 1244 p.
196 1163 265 1246 172,
285 1163 327 1226 20
351 1161 482 1226 δέδοται
506 1172 551 1250 τῷ
575 1161 716 1247 μεγέθει.
762 1165 878 1229 titulus
902 1169 964 1230 est:
987 1165 1108 1230 εὐκλεί-
1135 1155 1138 1160 ’

143 1268 206 1349 δμν
237 1267 397 1354 δεδομένα
428 1279 487 1354 τῆς
518 1267 649 1346 Θέωνος
681 1270 848 1348 ἐκδόσεως.
903 1272 1107 1337 memorabili

141 1376 411 1440 transmutatione
429 1375 583 1441 foliorum
602 1376 725 1441 factum
744 1381 802 1461 est,
822 1381 859 1442 ut
877 1400 936 1463 pro
950 1402 981 1463 p.
998 1379 1048 1463 76,
1065 1381 1105 1444 16

141 1483 305 1567 τριγώνου
327 1520 365 1529 -
385 1506 416 1567 p.
436 1483 487 1566 80,
509 1485 526 1548 7
547 1481 599 1547 ἐπὶ
617 1485 678 1567 τὴν
697 1489 729 1548 Α
736 1487 768 1548 Γ
784 1485 987 1569 reperiantur
1005 1486 1105 1549 uerba

139 1590 237 1675 pao,
253 1588 294 1654 14
312 1589 493 1675 γεγράφθω
510 1626 549 1636 -
566 1589 610 1654 20
628 1589 728 1674 ἐστιν,
751 1592 985 1656 demonstratio
1004 1591 1105 1656 altera

138 1716 267 1779 propos.
282 1696 334 1778 33,
352 1717 481 1780 propos.
497 1697 540 1761 34
559 1697 716 1781 usquead
734 1721 764 1782 p.
780 1699 890 1782 58,10
909 1695 1013 1762 δοθὲν
1031 1699 1103 1784 ἄρα.

139 1799 458 1867 uol.Idefinitionum
468 1806 501 1867 et
509 1803 770 1886 propositionum
780 1803 922 1868 solarum
931 1804 1023 1889 quasi
1031 1826 1105 1869 oon·

140 1911 287 1992 spectum
298 1908 450 1994 continet,
460 1909 551 1974 cuius
561 1908 755 1992 scripturam
764 1908 943 1995 significaui
954 1911 1065 1975 littera
1074 1914 1104 1995 β.

90 2037 113 2079 a
129 2044 171 2065 =
187 2014 256 2078 cod.
274 2012 450 2079 Florentin.
473 2013 710 2080 Laurentianus
733 2013 888 2099 XXVIII,
910 2019 941 2100 1,
969 2018 1103 2082 membr.

137 2141 221 2184 saec.
240 2119 327 2185 XIV.
376 2121 463 2186 Data
489 2121 635 2186 continet
661 2120 716 2185 fol.
736 2123 936 2188 3250-336.
982 2122 1017 2186 in
1039 2123 1103 2188 fine

136 2226 271 2312 legitur:
300 2226 401 2304 τέλος.
433 2228 617 2293 Εὐκλείδου
642 2228 802 2312 δεδομένα
824 2237 883 2312 τῆς
903 2226 1034 2306 Θέωνος
1056 2229 1104 2295 ἐκ·

137 2333 269 2418 δόσεως,
292 2333 346 2398 fol.
365 2340 411 2399 1¹¹:
434 2334 496 2399 iste
518 2334 602 2399 liber
625 2338 675 2398 est
698 2332 792 2421 (corr.
813 2333 920 2422 ‘erat')
943 2336 1104 2401 Demetrii

137 2435 277 2503 Ohidoni
301 2437 404 2504 Greci
446 2440 545 2505 codex
569 2440 702 2504 eandem
726 2463 824 2525 quam
847 2442 867 2505 b
891 2441 991 2506 habet
1009 2443 1102 2507 folio-

111 2601 114 2607 ,
136 2568 211 2610 rum
233 2545 547 2612 transmutationem.

90 2675 166 2716 z=
182 2653 248 2716 cod.
267 2651 368 2716 Paris.
389 2650 444 2717 Gr.
464 2654 565 2738 2448,
588 2653 736 2738 bombyc.
762 2674 843 2718 saec.
862 2651 951 2741 XIV,
976 2656 1014 2720 de
1038 2678 1101 2740 quo

136 2781 166 2822 u.
177 2757 307 2842 Omont,
321 2758 506 2824 Inventaire
516 2758 549 2824 Π
562 2782 592 2843 p.
603 2760 677 2824 263.
700 2759 787 2824 Data
800 2761 900 2826 habet
914 2760 1101 2827 soluo-56

137 2865 211 2930 inde
235 2889 255 2930 a
276 2887 405 2951 propos.
425 2868 481 2951 243
505 2866 620 2931 titulus
645 2871 695 2931 est
717 2868 875 2953 θεώρημα
898 2867 968 2932 tull.

158 2970 219 3036 His
243 2973 408 3037 codicibus
431 2994 451 3036 a
473 2994 524 3036 me
547 2973 619 3057 ipso
643 2973 769 3038 collatis
791 2972 841 3037 ita
858 2996 936 3038 usus
960 2995 1040 3057 sum,
1063 2977 1102 3037 ut

88 3081 216 3144 textum
238 3078 447 3162 potissimum
470 3079 510 3142 ad
534 3079 652 3146 codicis
671 3079 697 3143 P
720 3079 949 3144 auctoritatem
972 3101 1102 3145 reuoca·

89 3207 159 3250 rem
181 3206 285 3268 neque
314 3185 355 3250 ad
383 3189 506 3250 ceteros
530 3186 737 3272 confugerem
764 3185 828 3251 nisi
856 3185 896 3249 iis
922 3185 1017 3271 locis,
1043 3187 1101 3252 ubi

88 3293 185 3356 illum
208 3292 332 3376 aliquid
354 3292 429 3356 uitii
453 3293 651 3358 contraxisse
679 3296 736 3356 aut
759 3294 924 3356 constaret
952 3298 1009 3359 aut
1031 3296 1101 3360 ueri

88 3399 294 3465 simillimum
313 3402 408 3464 esset.
440 3398 641 3480 coniecturas
661 3400 730 3464 siue
747 3397 908 3463 editorum
928 3400 997 3466 siue
1011 3423 1099 3467 meas

87 3528 163 3572 raro
190 3507 226 3570 in
254 3506 398 3571 ordinem
425 3506 600 3571 uerborum
626 3505 746 3593 recepi,
778 3527 842 3589 qua
868 3506 903 3570 in
930 3530 964 3572 re
993 3508 1023 3572 si
1048 3509 1105 3572 cui

1182 3710 1189 3759 t
