2400 3840
105 144 170 207 114
509 143 712 195 ΔοΔοΜεΝΑ.

103 290 140 353 τὸ
164 291 509 373 παραλληλόγραμμον
532 289 633 367 λόγον
656 283 852 367 δεδομένον,
881 281 1015 348 δέδοται
1037 305 1123 368 παρ-

105 397 380 480 αλληλόγραμμον
403 402 449 480 τῷ
475 393 564 457 εἴδει.

172 499 235 563 δύο
259 500 321 583 γὰρ
349 498 480 563 εὐθεῖαι
508 499 545 562 αλ
565 502 637 580 ΑΒ,
657 500 718 561 ΓΔ
745 498 829 581 πρὸς
852 495 995 578 ἀλλήλας
1018 498 1123 578 λόγον

105 604 269 688 ἐχέτωσαν
296 602 491 687 δεδομένον,
523 601 578 669 καὶ
606 602 854 687 ἀναγεγράφθω
884 601 947 666 ἀπὸ
974 599 1035 685 μὲν
1063 612 1122 685 τῆς

70 723 86 770 5
105 716 171 775 AB
192 709 373 794 δεδομένον
391 720 436 798 τῷ
456 710 538 774 εἴδει
556 704 644 784 εἶδος
662 710 699 773 τὸ
718 712 830 792 ΑΕΒ,
849 707 912 772 ἀπὸ
931 704 969 771 δὲ
987 717 1045 791 τῆς
1060 710 1122 771 ΓΔ

105 821 450 902 παραλληλόγραμμον
472 818 510 880 τὸ
533 821 567 879 Δ
573 820 600 879 Ζ
623 814 659 879 έν
683 813 844 898 δεδομένῃ
868 817 974 900 γωνία
996 822 1035 898 τῇ
1054 814 1121 879 ὑπὸ

106 934 173 987 τῶν
194 926 298 1007 ΖΓΔ,
322 926 420 1004 λόγος
443 918 480 986 δὲ
504 925 585 986 ἔστω
605 930 664 985 τοῦ
683 924 748 985 ΕΒ
771 921 883 995 εἴδους
901 921 984 1006 πρὸς
1002 921 1039 984 τὸ
1061 925 1123 983 ΖΛ

105 1032 449 1115 παραλληλόγραμμον
474 1029 603 1102 δοθείς·
635 1025 734 1110 λέγω,
764 1026 814 1091 ὅτι
839 1023 971 1090 δέδοται
993 1027 1031 1089 τὸ
1053 1031 1088 1089 Δ
1094 1030 1121 1089 Ζ

106 1136 449 1219 παραλληλόγραμμον
472 1142 517 1221 τῷ
541 1133 631 1196 εἴδει.

55 1249 88 1296 10
174 1238 420 1323 ἀναγεγράφθω
444 1238 507 1322 γὰρ
527 1237 591 1302 ἀπὸ
609 1246 667 1320 τῆς
685 1243 751 1302 ΑΒ
775 1247 820 1326 τῷ
840 1243 874 1301 Δ
880 1242 907 1301 Ζ
931 1238 1047 1320 ὅμοιον
1066 1235 1123 1301 καὶ

106 1344 229 1427 ὁμοίως
242 1348 394 1428 κείμενον
411 1346 756 1429 παραλληλόγραμμον
771 1345 809 1408 τὸ
824 1349 856 1407 Α
861 1347 905 1407 Η.
939 1340 1008 1407 ἐπεὶ
1022 1346 1123 1425 λόγος

107 1448 176 1515 έστλ
199 1459 258 1533 τῆς
280 1454 346 1515 ΑΒ
368 1451 452 1536 πρὸς
475 1452 536 1533 τὴν
560 1453 621 1513 ΓΔ
645 1450 774 1533 δοθείς,
797 1448 853 1514 καὶ
876 1447 1123 1533 ἀναγέγραπται

107 1555 171 1620 ἀπὸ
203 1566 271 1620 τῶν
298 1561 375 1639 ΑΒ,
399 1558 460 1619 ΓΔ
492 1556 589 1639 όμοια
620 1553 675 1621 καλ
705 1555 827 1639 ὁμοίως
858 1558 991 1638 κείμενα
1019 1555 1124 1619 εὐθύ-

107 1682 240 1748 γραμμα
266 1663 307 1726 τὰ
330 1666 416 1745 ΑΗ,
438 1666 513 1744 ΖΛ,
545 1664 644 1744 λόγος
671 1663 736 1748 ἄρα
764 1659 833 1727 ἐστὶ
855 1670 916 1726 τοῦ
939 1664 1016 1724 ΑΗ
1039 1662 1124 1745 πρὸς

55 1777 88 1824 15
107 1770 145 1832 τὸ
170 1773 230 1832 ΖΔ
259 1769 381 1844 δοθείς.
426 1776 487 1832 τοῦ
516 1763 553 1832 δὲ
577 1772 638 1831 ΖΔ
664 1767 748 1853 πρὸς
774 1768 811 1831 τὸ
835 1771 898 1830 ΕΒ
926 1769 1025 1848 λόγος
1053 1763 1124 1830 ἐστὶ

108 1874 231 1949 δοθείς.
285 1872 341 1937 καλ
368 1882 428 1937 τοῦ
455 1877 519 1936 ΕΒ
552 1874 616 1959 ἄρα
642 1874 726 1959 πρὸς
751 1874 789 1937 τὸ
817 1876 895 1936 ΑΗ
922 1875 1021 1953 λόγος
1053 1869 1124 1936 έστλ

108 1979 232 2055 δοθείς.
287 1983 346 2043 καί
375 1978 445 2044 ἐστι
476 1979 616 2043 δοθεῖσα
643 1979 668 2063 ἡ
686 1978 751 2043 ὑπὸ
780 1989 849 2043 τῶν
876 1982 975 2042 ΒΑΘ
1002 1980 1123 2059 γωνία·

110 2089 164 2167 ἴση
192 2085 255 2169 γάρ
280 2084 350 2149 ἐστι
376 2095 415 2170 τῇ
438 2085 504 2149 ὑπὸ
529 2088 633 2149 ΖΓΛ.
679 2083 748 2150 ἐπεὶ
776 2080 839 2150 οὖν
866 2081 1048 2167 δεδομένον
1076 2092 1123 2169 τῷ

109 2189 190 2253 εἴδει
213 2189 324 2264 εἴδους
345 2197 406 2252 τοῦ
424 2193 489 2253 ΕΒ
511 2191 601 2275 παρὰ
618 2192 699 2273 μίαν
716 2200 785 2254 τῶν
803 2194 957 2275 πλευρῶν
975 2190 1037 2272 τὴν
1056 2194 1088 2252 Α
1094 2193 1123 2252 Β

55 2305 90 2354 20
108 2293 353 2379 παραβέβληται
376 2295 413 2358 τὸ
435 2298 513 2358 ΑΗ
531 2294 568 2359 έν
590 2293 751 2381 δεδομένῃ
775 2298 882 2382 γωνία
904 2304 944 2381 τῇ
967 2295 1032 2359 ὑπὸ
1056 2305 1125 2359 τῶν

112 2403 207 2463 ΕΑΒ
239 2397 294 2463 καλ
322 2402 421 2480 λόγος
449 2398 518 2464 ἐστὶ
549 2410 609 2465 τοῦ
636 2406 699 2467 ΕΒ
732 2403 845 2478 ελδονς
874 2402 957 2488 πρὸς
984 2402 1021 2466 τὸ
1050 2405 1128 2465 ΑΗ

109 2508 453 2591 παραλληλόγραμμον
486 2507 614 2591 δοθείς,
646 2506 779 2572 δέδοται
811 2509 876 2594 ἄρα
906 2509 945 2572 τὸ
972 2510 1050 2571 ΑΗ
1076 2516 1123 2594 τῷ

109 2610 199 2675 εἴδει.
244 2613 304 2674 καί
327 2610 417 2675 ἐστιν
445 2611 561 2695 όμοιον
583 2623 630 2700 τῷ
656 2618 729 2677 ΖΔ·
763 2611 896 2678 δέδοται
920 2615 984 2699 ἄρα
1006 2611 1124 2677 καὶτὸ

112 2719 173 2778 ΖΛ
194 2724 240 2802 τῷ
264 2715 353 2780 εῖδει.

182 3047 483 3119 δ.τῷελ’δω]οω1).
538 3052 619 3103 ΑΕΒ
651 3050 750 3104 EB'b.
815 3049 1043 3121 7.ῶή.τν]τνλ)
1100 3055 1125 3104 8.

110 3115 261 3180 δοθελς-
281 3124 305 3172 9.
324 3137 366 3172 πα
367 3118 539 3210 ραλληλόγρα
520 3140 613 3188 αμμον
644 3137 699 3175 om.
717 3121 745 3175 b
810 3126 852 3175 10.
874 3121 967 3176 ZAb
1024 3119 1040 3174 ό
1041 3120 1124 3189 μιοόν

109 3208 139 3243 τε
157 3189 222 3244 Vab
285 3190 335 3244 καλ
354 3187 455 3258 ὁμοίως
473 3187 615 3263 κείμενον]
635 3208 688 3246 om.
707 3191 735 3246 b.
810 3196 852 3244 11.
872 3187 985 3246 ἔμελ’
953 3212 1004 3246 ουν
1023 3141 1125 3246 Vbtb.

146 3266 188 3314 14.
208 3257 279 3331 ἐστί]
299 3278 352 3314 om.
372 3260 400 3315 b.
463 3266 504 3315 15.
525 3263 589 3333 ΕΒ]
610 3263 700 3317 BAb.
767 3267 809 3316 16.
828 3260 931 3317 αα-λ
951 3268 993 3316 17.
1012 3259 1114 3324 δοθελς

109 3347 162 3384 om
181 3331 209 3384 b.
301 3337 342 3386 17.
366 3332 433 3401 τῶν]
452 3331 547 3400 τῆςλ)
638 3338 680 3386 18.
699 3332 751 3402 τὴν
773 3333 897 3388 ZPAb
984 3337 1023 3405 τῷ
1042 3331 1113 3387 εἴδει

110 3417 162 3454 om.
177 3401 205 3455 b.
279 3407 321 3457 19.
342 3403 405 3473 ΕΒ]
426 3402 547 3456 EABb.
620 3405 682 3475 AB]
701 3408 752 3458 AB
770 3401 919 3475 χωρίονλ).
992 3387 1035 3458 2'0.
1054 3412 1112 3459 τῶν

109 3478 157 3540 της
176 3471 202 3525 b
276 3478 319 3527 22.
338 3470 448 3544 δοθελς]
469 3474 634 3530 δοθεῖσαλ).
