2400 3840
123 170 166 235 νς
529 169 733 222 monam.

174 290 235 399 ’μὴ
268 317 350 380 Am
379 315 420 399 ογ
434 315 468 380 ο
497 314 598 390 τινες
628 311 684 377 ιιι
711 314 905 394 πεποιήσθω
934 311 980 387 ος
1006 312 1045 376 τε
1074 315 1142 376 AB

123 423 207 507 πρὸς
226 424 297 505 ΓΔ,
320 421 426 498 οὕτως
448 422 485 486 τὸ
504 425 573 485 HA
595 422 678 506 πρὸς
696 422 771 484 ΓΖ·
794 421 893 500 λόγος
916 419 982 503 ἄρα
1003 417 1061 482 κοιλ
1081 427 1143 484 τοῦ

124 532 199 592 HA
225 530 308 613 πρὸς
334 530 372 592 τὸ
402 530 468 592 ΖΓ
493 529 616 604 δοθείς.
662 522 767 591 δοθὲν
794 522 831 590 δὲ
858 526 895 589 τὸ
925 528 1002 590 ΖΓ·
1036 521 1145 590 δοθὲν

124 636 189 721 ἅμα
211 632 327 700 καὶτὸ
350 638 431 699 ΗΑ.
476 637 544 700 ἔστι
568 631 605 698 δὲ
625 631 682 698 κοιλ
704 633 741 697 τὸ
764 637 828 696 ΕΑ
851 628 969 696 δοθέν·
991 629 1049 696 κοιλ
1072 637 1143 697 λοι-

87 742 188 806 ὀπὸν
216 743 280 827 ἄρα
307 742 345 806 τὸ
374 742 448 806 ΕΗ
471 739 576 805 δοθέν
603 739 702 804 ἐστιν.
755 735 811 802 καὶ
839 735 908 802 ἐπεὶ
936 738 981 815 ὡς
1008 739 1046 803 τὸ
1075 743 1142 803 ΑΒ

123 849 207 931 πρὸς
230 849 267 912 τὸ
292 850 367 930 ΓΔ,
396 846 502 922 οὕτως
524 849 562 911 τὸ
585 849 653 909 HA
680 847 763 931 πρὸς
790 847 828 909 τὸ
853 847 924 928 ΖΓ,
952 847 1052 927 λόγος
1077 845 1143 931 ἅμα

123 951 179 1020 καὶ
197 963 258 1018 τοῦ
272 957 341 1018 ΗΒ
364 954 448 1039 πρὸς
468 956 534 1016 ΖΔ
556 951 680 1028 δοθείς.
716 953 775 1016 καί
791 950 860 1017 ἐστι
879 948 984 1016 δοθὲν
1002 950 1041 1015 τὸ
1055 955 1131 1017 ΕΗ
1135 971 1143 986 ·

124 1062 162 1124 τὸ
181 1063 244 1123 ΕΒ
269 1060 333 1145 ἅμα
355 1068 415 1122 τοῦ
441 1062 506 1122 ΖΔ
529 1057 667 1123 δοθέντι
689 1061 799 1142 μεῖζόν
823 1057 892 1124 ἐστι
915 1057 936 1141 ἢ
960 1057 997 1123 ἐν
1021 1061 1122 1146 λόγῳ.

606 1275 658 1316 ιε.

71 1392 105 1441 10
190 1374 267 1440 Ἐδιν
289 1377 352 1441 δύο
375 1375 500 1460 μεγέθη
518 1377 602 1462 πρὸς
620 1378 744 1459 ἄλληλα
765 1379 866 1457 λόγον
884 1379 940 1461 ἔχῃ
960 1375 1146 1461 δεδομένον

123 1479 179 1546 καὶ
203 1481 373 1568 ἀφαιρεθῇ
397 1482 461 1547 ἀπὸ
485 1480 641 1568 ἑκατέρου
660 1482 772 1547 αὐτῶν
791 1480 971 1566 δεδομένον
990 1481 1145 1568 μέγεθος,

123 1590 164 1652 τδι
188 1590 287 1653 λοιπὰ
309 1591 393 1676 πρὸς
411 1590 536 1672 ἄλληλα
555 1590 628 1671 ἤτοι
647 1591 749 1670 λόγον
766 1586 830 1666 ἕξει
850 1587 1041 1673 δεδομένον,
1065 1589 1085 1672 ἢ
1106 1592 1144 1655 τὸ

123 1693 238 1781 ἕτερον
260 1704 321 1760 τοῦ
345 1693 458 1781 ἑτέρου
482 1694 619 1761 δοθέντι
641 1698 752 1779 μεῖζόν
775 1694 867 1759 ἐστιν
889 1693 910 1778 ἣ
934 1695 971 1760 ἐν
994 1699 1093 1784 λόγῳ.

194 1803 256 1865 δύο
284 1803 348 1887 γὰρ
376 1800 500 1886 μεγέθη
528 1803 569 1867 τδι
591 1805 672 1883 ΑΒ,
692 1803 753 1865 ΓΔ
779 1802 863 1888 πρὸς
890 1802 1017 1884 ἄλληλα
1040 1806 1148 1885 λόγον

70 1921 105 1969 15
125 1906 225 1990 ἐχέτω
256 1906 452 1992 δεδομένον,
478 1907 535 1973 καὶ
558 1908 745 1994 ἀφῃρήσθω
770 1905 829 1991 ἀφ’
851 1904 1007 1993 ἑκατέρου
1031 1909 1147 1975 αὐτῶν

124 2011 306 2097 δεδομένον
328 2012 484 2098 μέγεθος,
508 2014 571 2080 ἀπὸ
596 2011 657 2098 μὲν
679 2022 739 2079 τοῦ
761 2017 826 2077 AB
850 2015 887 2078 τὸ
911 2018 992 2098 ΕΑ,
1016 2011 1080 2079 ἀπὸ
1106 2012 1144 2080 δέ

123 2127 183 2183 τοῦ
204 2120 265 2184 ΓΔ
287 2121 325 2185 τὸ
345 2120 420 2184 ΓΖ·
444 2118 539 2204 λέγω,
563 2120 614 2185 ὅτι
636 2121 676 2184 τδι
699 2120 798 2185 λοιιτδι
816 2121 856 2184 τδ
875 2124 949 2203 ΕΒ,
970 2124 1035 2185 ΖΔ
1058 2123 1144 2207 πρὸς

123 2226 249 2307 ἄλληλα
277 2227 350 2308 όγτοι
378 2229 479 2309 λόγον
505 2224 569 2303 ἕξει
596 2226 792 2310 δεδομένον,
824 2225 845 2308 ἢ
872 2227 910 2289 τὸ
937 2223 1053 2313 ἕτερον
1080 2237 1144 2293 τοῦ

124 2328 238 2416 ἑτέρου
262 2330 400 2396 δοθέντι
423 2333 533 2416 μεῖζόν
556 2331 646 2396 ἐστιν
669 2330 689 2414 ἢ
714 2331 750 2396 έν
773 2335 871 2420 λόγῳ.

68 2451 104 2500 20
191 2435 260 2501 εἰτεδ
284 2438 346 2522 γὰρ
370 2435 525 2524 ἑκάτερον
548 2449 616 2503 τῶν
633 2442 711 2522 ΑΕ,
731 2441 792 2502 ΓΖ
816 2436 921 2504 δοθέν
939 2438 1018 2523 ἐστι,
1041 2442 1142 2522 λόγος

122 2544 187 2628 ἄρα
214 2552 275 2608 τοῦ
298 2548 367 2608 ΑΕ
395 2547 480 2630 πρὸς
503 2545 565 2608 ΓΖ
593 2546 716 2621 δοθείς.
771 2543 827 2608 καὶ
854 2546 886 2609 εἰ
910 2542 971 2629 μὲν
998 2545 1143 2624 δοιύτός

124 2647 193 2713 ἐστι
216 2657 262 2736 τῷ
286 2656 346 2713 τοῦ
368 2653 435 2713 AB
458 2650 542 2735 πρὸς
565 2652 637 2734 ΓΔ,
662 2653 752 2715 ἔσται
775 2648 830 2714 καὶ
854 2655 973 2716 λοιποῦ
995 2660 1057 2716 τοῦ
1075 2656 1142 2716 ΕΒ

121 2757 205 2840 πρὸς
228 2757 346 2820 λοιπὸν
368 2757 406 2820 τὸ
431 2759 492 2820 ΖΛ
514 2758 613 2838 λόγος
635 2758 759 2833 δοθείς.

187 2864 232 2945 μὴ
260 2864 342 2927 ἔστω
371 2862 412 2945 δὴ
441 2862 459 2927 ὁ
487 2862 601 2946 αὐτός,
634 2861 689 2927 καὶ
716 2866 909 2947 πεποιήσθω
938 2864 983 2941 ὡς
1010 2866 1047 2929 τὸ
1070 2869 1140 2930 AB

68 2980 103 3029 25
122 2969 205 3054 πρὸς
229 2971 305 3051 ΓΛ,
329 2967 434 3045 οὕτως
456 2969 493 3033 τὸ
517 2972 595 3032 ΑΗ
612 2971 695 3056 πρὸς
717 2971 755 3034 τὸ
780 2973 849 3034 ΓΖ.
895 2972 995 3053 λόγος
1018 2967 1056 3036 δὲ
1078 2981 1143 3036 τοῦ

195 3168 219 3216 2.
239 3161 270 3214 τὸ
292 3164 340 3214 ΓΔ
359 3176 384 3214 a.
456 3160 488 3214 τὸ
510 3163 564 3213 ΖΓ
579 3176 603 3214 a.
677 3160 844 3229 λόγος-3.
868 3161 1017 3234 zr(alt.)]
1037 3177 1091 3216 om.
1113 3180 1141 3218 a.

157 3238 181 3285 3.
204 3231 451 3302 zr(utrumque)]
473 3234 526 3285 ΓΖ
544 3248 570 3286 v.
643 3237 668 3285 5.
688 3231 745 3286 ἐστι
763 3231 844 3287 codd.
917 3230 979 3288 ἐπεί
993 3264 1027 3273 -
1044 3238 1069 3290 7.
1089 3235 1142 3289 δο·

119 3300 195 3374 θεός]
216 3301 281 3357 ὅλον
299 3310 349 3356 τοῦ
369 3305 424 3355 ΗΒ
443 3302 513 3370 πρὸς
532 3296 597 3356 ὅλον
615 3302 647 3356 ιδ
664 3305 711 3356 ΖΔ
729 3301 810 3372 λόγος
829 3302 885 3357 ἐστὶ
904 3301 1003 3366 δοθελς
1021 3321 1047 3359 a.
1113 3310 1139 3359 6.

121 3374 184 3444 HA]
205 3378 259 3428 ΗΔ
277 3392 303 3428 v.
361 3374 427 3445 ΖΓ]
443 3377 495 3427 ΓΖ
510 3390 536 3428 v.
593 3377 616 3428 7.
637 3372 710 3428 ἐστιν
728 3391 754 3428 v,
809 3374 840 3428 τδ
855 3373 947 3430 δοθὲν
960 3375 992 3429 τό
1006 3375 1037 3429 Ρ.
1095 3380 1141 3430 12.

121 3443 178 3514 ἔχει
197 3445 222 3515 β.
300 3449 341 3499 17.
367 3445 430 3515 ΓΖ]
453 3447 507 3498 ΖΓ
522 3460 547 3499 ει.
628 3448 670 3499 18,
691 3443 790 3515 ἔχειν.
829 3442 843 3465 ’
869 3451 911 3500 20.
930 3447 998 3517 τῶν]
1018 3446 1051 3500 τό
1070 3445 1139 3502 vat.

156 3521 199 3568 21.
219 3516 335 3570 καὶτοῦ
355 3533 380 3569 a.
454 3519 496 3569 22.
515 3515 566 3586 τῷ]
585 3530 638 3569 om.
658 3532 683 3570 a.
