2400 3840
142 147 164 208 4
545 148 748 200 1111011111.

140 290 274 375 μεγέθει
296 290 351 356 καὶ
374 292 411 356 αι’
431 291 543 374 βάσεις
566 302 632 354 τῶν
655 291 831 374 τμημάτων
854 299 893 374 τῇ
916 289 1009 354 θέσει
1032 288 1153 378 καὶτῷ

142 397 282 481 μεγέθει.
1027 484 1029 488 ⁴
1172 478 1176 489 Ι

209 503 257 568 θ’.
299 502 456 585 Μέγεθος
486 502 649 587 μεγέθους
685 502 847 568 δοθέντι
883 505 1015 587 μεῖζόν
1053 501 1154 585 ἐστιν,

143 611 234 694 όταν,
258 609 499 696 ἀφαιρεθέντος
521 619 580 674 τοῦ
604 609 774 693 δοθέντος,
797 612 834 674 τὸ
858 611 975 674 λοιπὸν
999 619 1045 697 τῷ
1066 610 1155 697 αὐτῷ

106 720 217 781 5ίσον
240 712 269 803 ᾖ.

210 823 244 887 ι’.
281 823 438 906 Μέγεθος
468 822 631 907 μεγέθους
663 822 824 888 δοθέντι
857 823 1023 886 ἔλασσόν
1057 820 1156 904 ἐστιν,

143 931 238 1012 όταν,
269 928 510 1014 προστεθέντος
536 939 596 994 τοῦ
624 927 797 1012 δοθέντος,
829 929 865 992 τὸ
894 928 973 992 όλον
997 937 1043 1015 τῷ
1067 927 1156 1014 αὐτῷ

144 1042 218 1099 ἴσον
241 1030 270 1121 ᾖ.

211 1141 267 1206 ια’.
300 1140 458 1223 Μέγεθος
485 1140 648 1225 μεγέθους
675 1140 836 1206 δοθέντι
864 1143 996 1225 μεῖζόν
1022 1139 1156 1222 ἐστιν]

91 1253 125 1300 10
145 1248 185 1312 έν
204 1250 319 1336 λόγῳ,
342 1247 432 1331 ὅταν,
456 1246 696 1334 ἀφαιρεθέντος
714 1257 774 1311 τοῦ
794 1246 963 1330 δοθέντος,
982 1248 1019 1312 τὸ
1039 1249 1158 1312 λοιτὸν

143 1356 227 1439 πρὸς
249 1355 286 1419 τὸ
310 1354 390 1418 αὐτὸ
413 1356 515 1436 λόγον
537 1357 593 1439 ἔχη
617 1353 804 1438 δεδομένον.

212 1459 269 1544 ιβ’.
307 1459 463 1542 Μέγεθος
490 1459 653 1544 μεγέθους
681 1460 842 1526 δοθέντι
871 1462 1038 1525 ἔλασσόν
1067 1448 1157 1526 έστιν

144 1565 165 1648 ἀ]
185 1565 225 1630 έν
243 1569 358 1655 λόγῳ,
381 1567 472 1649 ὅταν,
494 1565 735 1651 προστεθέντος
753 1576 813 1632 τοῦ
832 1567 1002 1650 δοθέντος,
1021 1568 1058 1631 τὸ
1079 1568 1158 1632 ὅλον

144 1673 228 1758 πρὸς
249 1674 286 1737 τὸ
310 1673 391 1737 αὐτὸ
414 1675 515 1756 λόγον
538 1675 593 1758 έχη
618 1671 805 1757 δεδομένον.

92 1783 125 1830 15
213 1778 285 1864 [ιγ’.
318 1778 548 1863 Κατηγμένη
573 1778 662 1844 ἐστὶν
684 1780 704 1863 ἡ
729 1779 792 1844 ἀπὸ
816 1779 996 1863 δεδομένου
1020 1784 1158 1865 σημείου

145 1885 199 1952 ε’τὶ
222 1886 315 1952 θέσει
338 1888 474 1952 εὐθεῖαν
497 1886 640 1971 ἀγομένη
664 1887 780 1952 εὐθεῖα
803 1885 838 1951 έν
862 1884 1022 1972 δεδομένη
1043 1891 1158 1975 γωνίᾳ.

214 1992 270 2058 ιδ’.
308 1991 519 2077 Ἀνηγμένη
552 1991 642 2057 ἐστὶν
670 1991 691 2074 ἡ
720 1991 784 2056 ἀπὸ
811 1990 992 2075 δεδομένου
1020 1998 1158 2078 σημείου

144 2102 228 2185 πρὸς
251 2098 344 2164 θέσει
368 2101 484 2186 εὐθείᾳ
507 2096 649 2182 ἀγομένη
671 2099 786 2162 εὐθεῖα
809 2097 845 2163 έν
864 2097 1024 2184 δεδομένη
1043 2105 1158 2188 γωνίᾳ.

213 2204 265 2270 ιε’.
302 2206 414 2289 Παρὰ
441 2202 551 2270 θέσει
580 2202 669 2269 ἐστὶν
691 2203 711 2286 ἡ
736 2205 792 2268 διὰ
815 2202 995 2288 δεδομένου
1019 2210 1158 2291 σημείου

92 2333 128 2380 ‘20
146 2313 239 2377 θέσει
262 2312 378 2398 εὐθείᾳ
399 2311 607 2395 παράλληλος
629 2309 797 2395 ἀγομένη]

657 2533 668 2562 ,
740 2540 744 2547 .

634 2566 654 2605 α
670 2591 677 2606 .

219 2670 293 2730 Τῶν
321 2664 508 2749 δεδομένων
535 2671 687 2749 μεγεθῶν
714 2665 731 2731 ὁ
757 2669 855 2748 λόγος
882 2665 900 2731 ὁ
923 2667 1006 2750 πρὸς
1033 2669 1159 2751 ἀλληλα

148 2772 289 2837 δέδοται.

215 2882 297 2944 ε”στω
322 2877 483 2962 δεδομένα
505 2877 628 2963 μεγέθη
652 2881 757 2963 τά-Α,
776 2884 818 2945 Β·
847 2878 945 2964 λέγω,
969 2880 1019 2945 ότι
1043 2890 1104 2945 τοῦ
1127 2886 1159 2945 Α

96 3007 129 3055 25
148 2988 231 3072 πρὸς
254 2987 291 3050 τὸ
314 2990 343 3052 Β
367 2988 465 3068 λόγος
487 2983 555 3050 ἐστὶ
579 2987 701 3062 δοθείς.

222 3219 246 3268 2.
272 3211 398 3338 μεγέθει]
423 3229 480 3280 seq.
498 3212 577 3284 111β.
604 3213 732 3301 τμήματα
750 3212 859 3267 κύκλων
877 3218 914 3285 τῷ
934 3212 1002 3268 είδει
1021 3215 1159 3271 δεδόσθαι

150 3283 310 3354 λέγεται,έ
311 3306 327 3339 ν
347 3281 389 3347 οἷς
407 3283 437 3338 αἱ
455 3281 555 3354 γωνίαι
573 3281 724 3353 δεδομέναι
743 3281 802 3338 εἰσί.
884 3269 908 3339 ό
930 3284 1042 3340 ἔλαττόν
1061 3286 1158 3343 vam

189 3362 231 3411 11
257 3354 316 3428 έχη]
337 3372 405 3411 corr.
425 3372 459 3409 ex
479 3355 508 3426 ἔγ
510 3373 588 3410 ει111.
607 3361 668 3409 21,
751 3361 791 3408 12
813 3354 925 3410 ἔλαττον
943 3356 1000 3409 Vat
988 3359 1040 3412 λη
1117 3363 1158 3413 13.

150 3427 213 3497 τοῦ]
238 3429 328 3498 ο111.β
352 3429 473 3498 (nona).
566 3433 607 3482 16.
637 3426 754 3480 εὐθεῖαν
777 3423 913 3498 ἀγομένη]
938 3425 1038 3502 εὐθείᾳ
1057 3429 1076 3498 ἡ
1095 3449 1160 3484 τιατ-

151 3496 320 3570 αγομὲνηβ.
396 3503 435 3552 18.
455 3495 629 3568 τρόςθὲσει]
648 3495 801 3569 προσθείοη
821 3499 838 3568 β
857 3501 972 3568 (nona).
1023 3483 1160 3601 εὐθείᾳ]
