2400 3840
489 161 652 214 scflomA.
1010 159 1075 224 287

129 302 202 368 106.
234 298 302 366 Καὶ
323 310 380 385 τῆς
400 304 461 367 ΓΛ
484 303 548 388 ίίρα
570 326 601 386 p.
621 303 677 386 98,
698 302 731 386 1]
761 306 904 387 σχόλιον.
942 303 1076 388 ἐδείχθη

58 408 138 495 γάρ,
166 408 232 491 ὅτι,
260 407 318 472 ἐὰν
344 419 432 494 τρεῖς
460 407 589 473 εὐθεῖαι
618 407 784 491 ἀνάλογον
811 405 909 493 ὦσιν,
936 409 957 492 ἡ
981 406 1018 474 δὲ
1042 409 1076 475 α’

57 517 143 601 πρὸς
170 516 231 599 τὴν
258 517 373 600 τρίτην
401 517 502 597 λόγον
525 518 581 600 ἔχῃ
605 514 800 600 δεδομένον,
832 514 887 580 καὶ
909 518 992 603 πρὸς
1014 518 1075 600 τὴν

58 619 220 707 δευτέραν
238 624 339 703 λόγον
354 619 416 698 ἕξει
431 620 622 705 δεδομένον,
642 621 677 687 ἐν
692 631 737 710 τῷ
756 620 821 687 κδ’.
854 621 873 706 ἣ
888 619 943 687 καὶ
958 622 1076 698 οὕτως·

59 725 130 793 ἐπεὶ
157 727 175 793 δ
203 731 417 813 συγκείμενος
444 731 542 811 λόγος
569 727 716 812 δέδοται,
748 726 804 794 καὶ
832 727 983 814 ἑκάτερος
1010 740 1076 795 τῶν
1113 746 1130 794 5

58 831 223 899 τιθέντων
246 834 348 900 αὐτὸν
372 837 481 917 λόγων
505 833 652 900 δίδοται*
676 833 827 921 ἑκάτερος
846 836 909 922 γὰρ
929 834 947 900 δ
967 834 1075 912 αὐτός.

66 990 78 1007 »
128 959 202 1023 107.
235 961 304 1022 Καί
325 957 415 1024 ἐστιν
438 959 554 1042 ὅμοιον
577 959 614 1024 τὸ
638 964 671 1023 Α
693 968 739 1047 τῷ
762 963 791 1023 Β
814 983 845 1043 p.
864 961 916 1045 98,
940 959 974 1043 2]
1000 956 1075 1025 ἀντὶ

58 1073 132 1129 τοῦ·
164 1067 223 1130 καί
249 1067 312 1129 είσι
341 1062 503 1149 δεδομένα
530 1074 575 1153 τῷ
605 1066 684 1129 είδει
713 1066 753 1130 τδι
780 1071 827 1149 Α,
849 1069 892 1129 Β·
929 1062 985 1129 καὶ
1011 1067 1074 1152 γὰρ

58 1170 156 1255 ὅμοια
179 1173 327 1256 σχήματα
350 1171 571 1257 εὐθύγραμμά
595 1172 700 1256 ἐστιν,
731 1171 792 1237 ὅσα
815 1171 873 1248 τίς
895 1195 929 1236 τε
952 1175 1076 1255 γωνίας

59 1282 132 1352 λ’σας
160 1275 318 1360 ἀλλήλαις
345 1279 410 1359 ἔχει
437 1277 519 1341 κατὰ
547 1280 627 1361 μίαν
654 1275 709 1342 καὶ
737 1277 796 1354 τὰς
822 1274 897 1364 περὶ
920 1279 979 1355 τὰς
1002 1285 1075 1356 ίσας
1094 1295 1130 1343 10

58 1384 182 1466 γωνίας
199 1383 344 1467 ττλενρδς
363 1382 542 1466 ἀνάλογον·
567 1385 650 1448 ὥστε
668 1382 829 1468 δεδομένα
848 1382 912 1449 εἰσὶ
931 1395 976 1472 τῷ
993 1387 1074 1450 είδει

58 1490 99 1554 τδι
127 1489 236 1573 ὅμοια·
269 1489 309 1553 τδ
337 1484 400 1554 οὖν
428 1490 524 1573 ὅμοια
553 1486 608 1553 καὶ
636 1498 681 1575 τῷ
705 1490 786 1553 είδει
814 1489 878 1555 εἰσὶ
902 1489 1074 1575 δεδομένα,

58 1595 99 1660 τὰ
122 1592 160 1659 δὲ
182 1604 227 1682 τῷ
251 1596 332 1660 είδει
356 1594 517 1680 δεδομένα
541 1595 581 1660 οὐ
604 1594 736 1672 πάντας
759 1596 865 1680 ὅμοια.
1147 1581 1149 1585 ’

422 1769 475 1836 Ad
497 1794 589 1856 prop.
612 1769 711 1836 LVII.

128 1896 199 1960 108.
226 1893 326 1961 Ὥστε
348 1893 404 1962 καὶ
427 1905 484 1979 τῆς
506 1901 574 1961 ΕΑ
596 1920 626 1981 p.
648 1897 722 1982 102,
745 1896 801 1980 23]
831 1893 900 1961 ἐπεὶ
923 1897 986 1984 γὰρ
1011 1898 1073 1962 δύο
1093 1912 1128 1961 15

58 2002 131 2085 είδη
150 2001 190 2066 τδ
209 2006 283 2086 ΕΒ,
297 2007 361 2067 ΒΔ
384 2001 545 2087 δεδομένα
563 2012 608 2090 τῷ
628 2003 710 2067 είδει
728 2003 811 2088 πρὸς
829 2004 954 2086 ἄλληλα
973 2006 1074 2086 λόγον

57 2111 123 2190 ἔχει
151 2106 345 2192 δεδομένον,
377 2106 432 2172 καὶ
464 2111 500 2172 αί
520 2106 660 2195 πλευραὶ
687 2108 798 2174 αὐτῶν
825 2109 909 2194 πρὸς
931 2107 1075 2193 ἀλλήλας

57 2217 160 2296 λόγον
182 2212 293 2292 ἕξουσι
316 2213 506 2298 δεδομένον.

126 2340 200 2405 109.
228 2341 298 2403 Καί
314 2337 381 2403 εὀτι
401 2339 438 2403 τὸ
457 2337 580 2415 πλάτος
598 2346 658 2403 τοῦ
677 2340 931 2423 ταραβλήματος
953 2362 983 2422 p.
1001 2340 1074 2425 104,

58 2444 160 2528 8-9]
184 2445 221 2510 τὸ
239 2439 300 2527 μὲν
324 2443 459 2527 ἀληθῶς
481 2444 604 2520 πλάτος
626 2452 686 2508 τοῦ
705 2446 845 2509 ΑΓΗΒ
867 2450 1074 2530 τταραλληλο-
1093 2460 1128 2509 20

57 2549 212 2636 γράμμὀν
227 2548 317 2615 ἐστὶν
331 2549 351 2633 ἡ
366 2556 399 2615 Α
406 2555 435 2614 Θ
449 2552 533 2636 πρὸς
547 2551 653 2636 ὀρθὰς
667 2545 751 2616 οὖσα
765 2558 804 2635 τῇ
819 2554 851 2613 Α
856 2553 897 2612 Β·
918 2549 1021 2615 αὐτοῦ
1036 2547 1073 2615 δὲ

57 2656 178 2721 τούτου
201 2665 261 2721 τοῦ
280 2662 312 2721 Α
318 2659 419 2722 ΓΗΒ
442 2658 697 2742 παραβλήματος
721 2655 766 2733 ὡς
788 2652 841 2720 ἐπὶ
859 2658 988 2722 τούτων
1006 2668 1073 2722 τῶν

132 2830 386 2884 106.107.Ρ1νσ.
478 2829 860 2896 108.Ρ11Ῑαδ.νΜοη.σρλο.
954 2834 1013 2882 109.
1034 2830 1071 2883 Pl

56 2901 278 2969 Vat.vM0n.‹5p.
317 2901 392 2971 (hab.
412 2900 458 2970 fig.
478 2899 620 2969 Theonis).

65 3023 67 3033 1
128 3067 153 3115 3.
170 3059 229 3132 ἔχῃ]
246 3059 301 3132 ἔχει
315 3059 395 3114 codd.
452 3064 475 3113 6.
490 3056 719 3182 213&vame
735 3054 933 3112 ονντνδένταν.
984 3058 1072 3113 αὐτὸν

56 3131 147 3201 λόγων
179 3148 232 3185 om.
248 3149 264 3184 σ
281 3131 335 3185 lac.
349 3130 457 3184 relicta.
514 3130 540 3201 ὁ]
556 3146 609 3183 om.
651 3147 677 3182 v.
732 3127 828 3200 αὐτός]
845 3127 929 3191 αὐτός
944 3126 1018 3182 ἐστιν
1032 3129 1071 3182 1ο.

92 3208 117 3256 9.
156 3219 198 3256 στι
218 3202 404 3272 εὐθύγραμμα
429 3220 451 3256 ο.
548 3206 589 3254 10.
613 3199 755 3323 &Zipzatpp
779 3219 835 3262 -οις
856 3198 925 3252 Plv.
1018 3197 1073 3270 ἔχει

55 3271 140 3345 κατά]
165 3272 291 3344 σχήματα
312 3273 365 3327 Pv.
457 3277 499 3326 15.
523 3272 597 3325 Ante
616 3270 665 3324 ἐπε
696 3269 733 3323 ad
755 3311 761 3323 .
781 3270 898 3340 σχόλιον.
922 3269 952 3323 Ρ.
1030 3276 1072 3324 16.

56 3347 118 3412 ΕΒ,
134 3348 183 3399 ΒΔ
215 3346 340 3412 ΕΑ,ΑΔ
359 3343 439 3398 codd.
505 3348 546 3396 17.
566 3341 668 3410 ἄλληλα
692 3341 810 3395 Vahvc.
884 3345 927 3394 20.
946 3341 1072 3412 AFHB]

55 3419 140 3493 ΑΗΒ
195 3431 239 3469 011.
331 3420 372 3468 21.
402 3411 509 3485 ὀρθάς]
534 3412 626 3498 δρδήν
649 3413 724 3466 Mon.
817 3417 858 3465 22.
887 3411 994 3466 τούτων
1017 3421 1073 3468 τῶν

54 3501 209 3576 τεσσάρων]
236 3519 344 3574 compp.
363 3504 399 3572 P,
427 3511 476 3573 τῆς
498 3511 554 3557 τῶν
573 3504 591 3556 δ
608 3502 734 3569 Monam.
