2400 3840
418 171 457 221 ir
475 170 644 222 aucnmrs
661 172 767 225 narn.
1035 171 1100 235 251

66 381 68 384 Α
90 312 165 377 dam
180 318 289 379 autem
308 312 348 376 ad
361 312 404 396 id,
423 313 509 397 quod
524 313 719 398 conceditur,
737 318 957 396 respexerunt.
990 337 1028 380 ac
1041 337 1101 380 nos

91 440 218 503 quoque
235 419 287 504 iis,
305 440 388 502 quae
406 419 492 483 dicta
512 424 598 505 sunt,
615 424 784 504 tamquam
801 419 915 506 regula
933 423 966 484 et
980 420 1102 486 indicio

90 528 218 589 utentes
232 525 410 609 perfectam
424 523 504 588 dati
519 524 741 591 definitionem
753 526 899 591 inuenire
913 526 1102 609 poterimus.

90 632 224 715 adparet
247 635 366 716 autem,
389 653 460 696 eam
480 636 629 716 oportere
647 655 717 697 rem
736 632 903 697 definitam
922 633 1100 717 adaequare

90 737 159 802 siue
169 759 244 802 cum
254 758 292 801 ea
300 736 348 800 ita
358 758 545 823 congruere,
558 742 596 802 ut
604 738 640 801 in
648 737 757 802 locum
771 739 841 802 eius
856 737 1012 803 substitui
1025 759 1102 823 pos-

90 845 143 908 sit.
162 843 282 908 etenim
295 843 358 908 hoc
367 842 403 905 in
412 843 655 908 definitionibus
669 848 756 909 recte
770 843 905 909 redditis
920 866 982 908 usu
991 843 1102 908 uenire

90 949 195 1013 debet.
232 946 308 1023 talis
328 952 438 1013 autem
454 949 532 1034 eius,
551 950 638 1033 quod
654 949 860 1034 propositum
878 955 938 1035 est,
956 949 1101 1014 definitio

73 1055 175 1126 ,inter
193 1054 396 1119 definitiones
411 1054 591 1138 simplicius
605 1054 743 1121 traditas
758 1078 796 1120 ea
810 1060 869 1142 est,
887 1078 951 1140 qua
970 1054 1101 1119 datum

90 1161 242 1225 definitur
260 1182 331 1226 esse
348 1160 538 1246 parabile,
560 1162 647 1228 inter
665 1184 802 1228 conexas
821 1185 868 1247 ea,
887 1185 951 1247 qua
968 1165 1101 1226 notum
1175 1215 1178 1219 .

88 1270 238 1353 idemque
256 1267 447 1354 parabile3
469 1272 594 1334 ceterae
614 1290 726 1334 omnes
746 1268 965 1352 imperfectae.
996 1290 1100 1352 neque

90 1377 176 1441 enim
195 1398 241 1459 ea,
269 1396 333 1458 qua
357 1375 488 1438 datum
511 1374 664 1439 definitur
688 1375 910 1439 ordinatum
933 1396 1017 1459 esse,
1039 1396 1099 1459 pro

90 1481 215 1545 ambitu
229 1481 297 1546 dati
308 1481 439 1565 sufficit,
454 1480 531 1563 quia
539 1502 644 1564 neque
653 1502 748 1544 omne
763 1479 983 1545 ordinatum
997 1501 1100 1563 neque

91 1587 311 1652 ordinatum
335 1587 442 1651 solum
461 1585 751 1670 comprehensibile
770 1589 829 1671 est,
852 1587 908 1651 sed
927 1585 1027 1650 etiam
1044 1585 1101 1649 in-

90 1693 269 1758 ordinata
284 1693 451 1777 quaedam,
464 1696 502 1756 ut
511 1692 769 1757 demonstratum
779 1696 842 1777 est3
856 1713 959 1775 neque
968 1691 1026 1755 illa
1036 1691 1101 1755 suf-

89 1800 200 1864 ficiens
215 1804 275 1885 est,
294 1821 358 1885 qua
371 1804 505 1864 notum
519 1820 589 1863 esse
604 1799 769 1883 definitur3
786 1820 864 1863 nam
881 1820 948 1862 non
962 1797 1099 1881 quoduis

89 1911 224 1970 notum
239 1904 530 1989 comprehensibile
540 1908 598 1988 est,
608 1905 737 1970 etiamsi
746 1905 780 1969 id
792 1903 910 1989 solum3
924 1903 1100 1989 ignotum

89 2013 176 2077 enim
195 2011 484 2097 comprehensibile
501 2033 568 2075 non
585 2015 645 2076 est.
681 2033 787 2095 neque
800 2033 879 2076 uero
894 2032 932 2076 ea
946 2009 1102 2094 definiti0,
1190 2045 1193 2052 ·

89 2140 155 2202 qua
181 2118 376 2183 rationale
402 2140 473 2182 esse
495 2117 692 2204 declaratur,
717 2118 862 2202 perfecta
889 2116 965 2199 erit3
996 2137 1101 2200 neque

89 2224 176 2288 enim
211 2223 273 2288 hoc
311 2223 417 2288 solum
453 2222 744 2308 comprehensibile
782 2227 848 2308 est,
889 2244 964 2287 cum
1000 2222 1100 2286 etiam

87 2328 326 2394 irrationalium
350 2330 507 2413 quaedam
526 2327 831 2413 comprehensibilia
849 2328 924 2393 sint.
960 2327 1100 2394 fortasse

89 2441 199 2500 autem
234 2457 275 2500 ne
312 2457 407 2500 omne
443 2435 574 2518 quidem
614 2434 825 2500 rationale
861 2434 1099 2519 comprehensi-

88 2543 166 2627 bile,
198 2546 236 2605 ut
262 2541 325 2608 hoc
353 2546 427 2606 ante
454 2542 625 2608 definitum
652 2546 709 2607 est.
758 2546 863 2606 restat
889 2541 993 2627 igitur
1013 2542 1100 2607 inter

89 2647 293 2712 definitiones
331 2648 469 2734 singulis
505 2648 693 2714 nominibus
733 2647 870 2713 traditas
907 2648 1100 2734 parabile,

89 2756 175 2838 quod
196 2753 404 2839 potissimum
427 2753 748 2837 comprehensionem
774 2753 905 2818 uidetur
927 2755 1099 2820 declarare.

87 2862 209 2926 etenim
245 2881 340 2924 omne
376 2859 551 2943 parabile
589 2863 638 2925 est
674 2859 965 2942 comprehensibile
1002 2864 1099 2943 atque

87 2968 122 3033 id
154 2967 268 3032 solum.
323 2965 383 3030 tali
411 2965 598 3031 definitione
626 2966 725 3030 etiam
752 2964 906 3031 Euclides
934 2987 1012 3030 usus
1041 2970 1100 3052 est,

88 3073 198 3139 omnia
220 3072 302 3137 dati
325 3093 444 3157 genera
467 3072 659 3138 describens.
705 3072 962 3155 compositarum
989 3075 1099 3136 autem

87 3180 258 3245 notionum
286 3201 324 3243 ea
347 3179 418 3243 sola
440 3178 585 3262 perfecta
607 3182 671 3263 est,
699 3199 763 3261 qua
789 3177 921 3242 datum
948 3177 1100 3242 definitur

86 3291 221 3351 notum
244 3306 314 3350 esse
333 3284 481 3369 idemque
503 3284 679 3369 parabile
703 3304 848 3367 quaeque
866 3289 999 3348 notum
1018 3288 1099 3348 tam-

88 3414 187 3475 quam
210 3390 321 3477 generi
344 3391 541 3474 respondens
564 3392 679 3475 habet,
706 3388 825 3474 speciei
853 3393 962 3454 autem
988 3412 1100 3474 para·

87 3496 175 3561 bile.
217 3519 255 3561 ea
278 3501 397 3581 autem,
420 3519 484 3581 qua
507 3499 726 3564 ordinatum
748 3496 898 3580 idemque
920 3497 1099 3580 parabile
