2400 3840
460 794 768 870 PRAEFATIO.

177 971 323 1037 Euclidis
347 971 434 1036 Data
460 975 634 1056 postquam
660 970 784 1055 primus
812 971 914 1035 edidit
940 968 985 1035 ol.
1008 969 1120 1054 Hardy

28 1111 34 1135 ·
112 1078 261 1167 (Parisiis
277 1074 387 1164 1625),
407 1099 479 1142 cum
499 1077 614 1142 ceteris
629 1076 772 1142 eiusdem
787 1077 955 1162 scriptoris
970 1076 1120 1161 operibus

25 1205 30 1229 ¹
108 1207 174 1250 uno
202 1183 369 1250 uolumine
402 1183 645 1268 comprehendit
676 1182 759 1249 Dau.
787 1183 935 1270 Gregory
963 1180 1121 1270 (Oxoniae

112 1289 222 1379 1703).
259 1291 316 1357 sed
329 1312 432 1374 neque
452 1289 597 1355 subsidia
611 1290 733 1376 critica,
751 1290 870 1374 quibus
888 1294 1024 1374 uterque
1042 1311 1121 1354 usus

109 1403 174 1483 est,
202 1397 312 1483 magni
340 1395 540 1461 aestimanda
567 1418 671 1480 neque
699 1396 839 1462 editores
866 1397 931 1481 ipsi
954 1397 994 1461 in
1021 1397 1122 1482 scrip·

111 1505 194 1569 turis
232 1505 379 1569 codicum
416 1503 573 1589 eligendis
609 1504 735 1568 ratione
773 1507 806 1568 et
837 1504 892 1568 uia
925 1504 1122 1588 processisse

109 1610 247 1696 putandi
280 1614 365 1675 sunt.
417 1609 533 1674 tertius
567 1610 608 1675 ad
638 1610 712 1674 illos
744 1609 840 1674 initio
872 1610 969 1676 huius
1002 1610 1123 1675 saeculi

111 1717 249 1782 accessit
272 1716 468 1802 Peyrardus,
497 1716 553 1801 qui
579 1716 657 1780 licet
683 1716 777 1780 laude
805 1717 922 1801 dignus
952 1717 1008 1799 sit,
1036 1716 1124 1800 quod

111 1824 284 1907 antiquum
312 1815 448 1906 eumque
476 1820 795 1905 praestantissimum
824 1821 967 1886 codicem
994 1826 1027 1886 et
1054 1845 1124 1908 rep-

109 1930 198 2015 perit
220 1934 254 1994 et
275 1930 315 1994 ad
332 1928 477 1994 Euolidis
495 1929 596 1993 uerba
614 1927 815 1993 restituenda
834 1927 990 2012 adhibuit,
1014 1933 1125 1994 tamen

111 2038 160 2122 id,
187 2037 273 2122 quod
299 2035 529 2121 praestandum
558 2040 642 2120 erat,
671 2056 738 2099 non
764 2034 938 2120 praestitit.
982 2034 1124 2119 primurn

113 2144 200 2209 eninr
222 2142 320 2207 nimis
339 2143 458 2227 pendet
477 2164 496 2206 a
516 2140 684 2228 GregoriO,
707 2142 798 2208 ouius
816 2141 972 2207 iudicium
992 2141 1124 2227 optimis
1186 2195 1188 2200 .

113 2250 234 2316 codicis
254 2250 305 2314 sui
325 2248 495 2333 scripturis
514 2249 626 2313 multis
642 2249 723 2314 locis
740 2249 916 2334 praeferat3
940 2248 1019 2313 adde
1039 2249 1125 2332 quod

112 2356 255 2421 Theonis
278 2355 499 2421 recensionem
521 2376 587 2419 non
606 2356 711 2441 magis
729 2355 823 2420 nouit
844 2377 942 2439 quam
960 2355 1073 2439 Hardy
1092 2360 1125 2420 et

116 2462 307 2548 Gregorius3
334 2466 499 2546 postremo
523 2461 667 2526 codicem
689 2462 783 2526 illum
805 2483 871 2526 non
895 2484 932 2526 ea
956 2461 1126 2547 diligentia

115 2570 263 2656 contulit,
287 2590 385 2653 quam
406 2572 521 2632 nostra
543 2573 632 2632 aetas
656 2590 714 2633 suo
737 2569 806 2634 iure
830 2568 996 2653 postulare
1019 2568 1126 2633 uidea-

114 2682 179 2741 tur.
210 2680 287 2760 post
302 2674 501 2759 Peyrardum
519 2679 628 2739 autem
646 2674 734 2739 Data
752 2675 915 2741 neminem
933 2676 1126 2740 inuenerunt

117 2782 283 2848 editorem.

185 2889 273 2965 Quae
293 2912 366 2954 oum
388 2889 436 2953 ita
453 2892 571 2973 essent,
594 2893 668 2952 ante
688 2889 797 2953 omnia
814 2889 847 2952 id
865 2888 946 2952 mihi
966 2886 1126 2972 agendum

85 3041 89 3045 -
116 3019 187 3062 esse
216 2995 377 3081 adparuit,
409 2998 447 3058 ut
479 3015 518 3058 ex
545 3015 664 3080 magno
691 3016 827 3059 numero
852 2994 1010 3076 codicum,
1043 3013 1125 3076 quos

94 3099 206 3168 ,adire
234 3101 315 3167 mihi
337 3101 444 3186 licuit,
471 3121 526 3165 eos
555 3100 742 3187 deligerem,
770 3101 825 3186 qui
853 3100 991 3165 solidum
1015 3122 1052 3164 ao
1074 3099 1127 3163 fir·

118 3233 209 3274 mum
231 3208 428 3275 recensionis
451 3207 698 3272 fundamentum
720 3207 921 3292 praeberent.
958 3228 1021 3290 qua
1038 3205 1074 3270 in
1092 3228 1127 3270 re

117 3318 153 3382 id
176 3316 256 3381 mihi
279 3315 484 3400 propositum
511 3337 581 3380 esse
609 3314 734 3399 debuit,
765 3317 802 3377 ut
829 3312 896 3378 iam
924 3313 962 3378 de
985 3312 1127 3377 Theonis

119 3423 281 3508 scriptura
313 3444 386 3489 oum
418 3421 649 3507 probabilitate
680 3420 818 3503 quadam
845 3424 956 3504 posset
983 3419 1131 3483 iudicari.

1178 3612 1188 3677 t
