2400 3840
107 230 113 239 .
140 178 204 242 198
551 178 741 230 APPRNDm
768 207 772 215 ·

138 319 194 386 καὶ
212 320 232 404 ἡ
249 324 322 385 ΓΛ·
346 308 485 386 δοθεῖσα
503 322 568 406 ἄρα
592 318 684 385 ἐστὶν
704 319 724 403 ἡ
743 320 808 385 ὑπὸ
827 332 894 384 τῶν
913 322 1016 383 ΒΗΛ
1037 320 1153 400 γωνία.

138 424 194 490 καὶ
216 428 248 490 εί
268 423 333 519 μὲνι
351 427 560 511 παράλληλός
583 425 673 490 ἐστιν
695 424 716 507 ἡ
735 429 799 489 ΕΖ
822 434 861 510 τῇ
880 427 960 507 ΗΒ,
983 427 1076 488 ἔσται
1099 421 1153 488 καὶ

138 533 159 617 ἡ
186 532 252 597 ὑπὸ
275 536 386 615 ΕΖΗ
409 534 514 614 γωνία
542 533 695 596 δοθεῖσα·
728 533 811 596 ὥστε
838 527 893 595 καὶ
922 532 1019 614 λοιπὴ
1043 529 1064 612 ἡ
1088 529 1154 594 ὑπὸ

139 643 235 704 ΖΕΒ
259 642 365 721 γωνία
388 639 527 703 δοθεῖσα
551 637 721 702 έστιν.ί
690 640 721 702 εί
742 634 853 720 δὲοίλ,
877 634 1154 720 συμπιπτέτωσαν

34 744 38 751 ’
104 746 176 809 σαί
191 750 265 829 ΕΖ
279 748 347 809 ΗΒ
371 746 453 809 κατα
471 749 560 809 το
531 741 672 809 έπεὶ
696 750 750 825 ἴση
775 740 991 825 εστὶνὴΕΖ
1010 752 1049 827 τη
1070 745 1153 825 ΛΗ,

107 849 288 915 τουτέστι
311 861 350 936 τῇ
373 854 453 934 ΗΒ,
476 854 534 915 καί
555 849 624 915 ἐστι
646 838 856 935 παράλληλος
878 847 899 930 ἡ
922 853 986 913 ΕΒ
1010 858 1049 934 τῇ
1076 851 1153 931 ΖΗ,

140 959 236 1039 ίση’
223 960 287 1042 οίρα
315 954 383 1021 έστὶ
410 954 508 1040 καὶὴ
535 961 598 1021 ΖΘ
625 966 665 1041 τῇ
691 959 774 1019 ΘΗ·
812 956 895 1020 ὥστε
922 952 978 1019 καὶ
1003 947 1152 1037 γωνίαη

138 1061 204 1127 ὑπὸ
230 1066 332 1126 οΗΖ
360 1048 466 1149 γωιιᾳ
493 1072 532 1147 τῇ
560 1061 625 1126 ὑπὸ
656 1065 763 1125 οιιι
786 1061 875 1126 ἐστιν
904 1067 967 1144 eon.
1013 1062 1154 1126 εοεεισα

139 1164 176 1231 δέ
203 1168 223 1250 ἡ
251 1167 316 1231 ὑπὸ
344 1179 411 1231 τῶν
442 1172 556 1232 ΘΗΖ·
590 1169 730 1232 δοθεῖσα
763 1168 827 1252 ἄρα
858 1165 913 1231 καὶ
943 1166 963 1250 ἡ
991 1167 1058 1232 ὑπὸ
1087 1181 1154 1233 τῶν

86 1284 119 1332 10
137 1276 254 1336 ΗΖΘ·
279 1273 362 1336 ὥστε
383 1270 439 1336 καὶ
462 1272 482 1356 ἡ
502 1270 617 1356 ἑφεξῆς
635 1271 655 1355 ἡ
674 1272 740 1337 ὑπὸ
760 1277 867 1337 ΗΖΕ
888 1272 1029 1338 δοθεῖσα
1048 1273 1153 1339 έστιν·

138 1375 193 1442 καὶ
217 1380 314 1461 λοιπὴ
337 1378 358 1462 ἡ
380 1376 446 1444 ὑπὸ
469 1389 537 1443 τῶν
562 1382 657 1442 ΖΕΒ
682 1379 822 1444 δοθεῖσα
846 1379 943 1443 ἐστιν.

631 1626 662 1693 8.

448 1750 525 1813 ‘Ad
548 1771 638 1833 prop.
662 1747 812 1812 XXXIV.

562 1887 717 1966 ’Ἄλλως

85 2024 118 2073 15
205 2015 267 2090 Είς
290 2013 353 2098 γὰρ
376 2015 608 2098 παραλλήλους
631 2020 670 2098 τῇ
693 2009 787 2077 θέσει
805 2011 985 2097 δεδομένας
1002 2015 1062 2089 τας
1076 2019 1153 2098 ΑΒ,

140 2122 200 2184 ΓΔ
223 2119 286 2183 ἀπὸ
306 2117 487 2203 δεδομένου
506 2122 643 2203 σημείου
657 2127 717 2182 τοῦ
731 2124 763 2183 Ε
779 2119 895 2183 εὐθεῖα
909 2121 1042 2204 γραμμὴ
1056 2121 1152 2204 ἤχθω

138 2224 159 2307 ἡ
182 2229 301 2289 ΕΖΗ
326 2223 420 2308 λέγω,
444 2225 494 2289 ὅτι
518 2228 615 2307 λόγος
638 2222 707 2289 έστὶ
730 2234 788 2308 τῆς
810 2228 883 2289 ΗΕ
903 2227 986 2310 πρὸς
1008 2228 1071 2310 την
1090 2231 1152 2291 ΕΖ

139 2331 261 2405 δοθείς.

204 2437 299 2518 ἤχθω
310 2437 385 2604 ὶγδιρ
410 2435 552 2500 ἀπὸτοῦ
570 2435 602 2499 Ε
623 2440 760 2520 σημείου
779 2434 832 2505 ἐπὶ
850 2438 912 2520 τὴν
932 2440 993 2501 ΓΛ
1011 2438 1154 2515 κάθετος

87 2553 121 2600 20
139 2539 173 2623 ἡ
178 2545 244 2605 ΕΘ
266 2564 308 2605 κα
310 2539 559 2627 λέαβεβλησθω
583 2540 636 2605 ἐπὶ
658 2543 696 2605 τὸ
715 2546 755 2606 K.
793 2541 863 2607 ἐπεὶ
886 2542 950 2607 ἀπὸ
970 2543 1153 2628 δεδομένου

126 2649 277 2729 σημείου
304 2655 364 2711 τοῦ
387 2652 419 2711 Ε
445 2644 498 2711 ἐπὶ
525 2647 618 2713 θέσει
642 2646 824 2732 δεδομένην
846 2648 984 2713 εὐθεῖαν
1006 2651 1068 2732 τὴν
1094 2653 1154 2715 ΓΔ

7 2841 9 2850 Ι
138 2752 254 2818 εὐθεῖα
272 2755 404 2838 γραμμὴ
423 2747 518 2837 ἦκται
536 2754 556 2838 ἡ
575 2758 642 2819 ΕΘ
662 2752 844 2838 δεδομένην
863 2762 1006 2819 ποιοῦσα
1024 2759 1154 2836 γωνίαν

138 2862 201 2943 τὴν
227 2859 292 2924 ὑπὸ
316 2870 383 2925 τῶν
406 2864 525 2953 ΕΘΗ,
553 2858 691 2925 θέσει”
669 2884 734 2945 αρα
757 2857 847 2926 ἐστὶν
869 2859 890 2943 ἡ
916 2864 1031 2925 ΘΕΚ·
1059 2859 1154 2926 θέσει

138 2962 175 3031 δὲ
192 2965 247 3030 καὶ
266 2963 400 3051 ἑκατέρα
419 2977 486 3031 τῶν
505 2972 537 3030 Α
543 2970 582 3049 Β,
597 2969 657 3030 ΓΛ
663 2986 670 3000 ·
694 2961 798 3030 δοθὲν
812 2966 876 3050 ἄρα
890 2963 981 3030 ἐστὶν
997 2964 1153 3053 ἑκάτερον

190 3225 449 3298 4M⁶vv]com.b
505 3226 769 3296 ὅπδθσημεῖονλ).
827 3224 971 3282 Ηστλντ.
1022 3225 1153 3319 μαίηπη

138 3314 382 3438 δλῖλὲοωριῗ,
396 3298 535 3422 λγ·
520 3374 544 3422 ι
570 3297 808 3422 8ιὺλόφίῗ)
832 3301 983 3423 XXX}
1016 3298 1153 3425 w

171 3385 397 3510 23(pr.)⁶]ngm.6b.
471 3350 803 3510 ΗΖΕἷατδνωΗΖΕτ,
826 3448 882 3494 των
903 3439 1032 3495 ΘΖΕΒ
1110 3446 1152 3495 16.

59 3545 107 3616 k
136 3515 186 3562 τοῦ
206 3506 320 3579 σημείου
338 3517 388 3562 τοῦ
406 3509 471 3564 Vat.
545 3515 587 3564 17.
613 3511 715 3581 ΕΖΗ]
742 3513 800 3563 ΖΗ
816 3527 840 3565 ε.
915 3515 957 3564 20.
976 3507 1153 3566 έπελοδνε.
