2400 3840
120 155 161 217 12
522 155 725 207 ΔΕΔΟΜΕΝΔ.

119 304 202 381 ληλοι
226 303 327 380 λόγον
351 302 467 382 ἔχοντα
491 296 683 382 δεδομένον
714 297 814 382 λέγω,
838 299 888 362 ὅτι
911 297 968 363 καὶ
992 300 1073 365 ὅλον
1097 302 1136 364 τὸ

119 410 185 470 AB
208 407 291 490 πρὸς
309 404 463 489 ἑκάτερον
481 416 548 470 τῶν
567 408 643 487 AF,
659 408 720 469 ΓΒ
740 407 841 487 λόγον
859 408 925 488 ἔχει
943 405 1135 491 δεδομένον.

188 511 346 577 ἐκκείσθω
370 513 433 595 γὰρ
457 510 637 595 δεδομένον
659 510 800 594 μέγεθος
823 513 859 575 τὸ
878 515 953 576 ΔΕ.
989 511 1045 577 καὶ
1065 512 1135 578 ἐπεὶ

121 621 218 700 λόγος
245 616 313 682 έστὶ
340 627 400 682 τοῦ
424 622 495 683 AF
516 620 600 703 πρὸς
623 621 683 682 FB
713 619 841 702 δοθείς,
873 618 892 683 δ
920 618 1021 694 αὐτὸς
1044 620 1135 707 αὐτῷ

84 727 313 807 ὅπεποιήσδω
346 724 364 790 ὁ
396 734 456 789 τοῦ
488 729 558 789 ΛΕ
586 726 668 809 πρὸς
700 728 773 788 ΕΖ.
828 724 846 789 ὁ
878 726 943 809 ἄρα
975 734 1036 789 τοῦ
1067 731 1138 791 ΔΕ

119 834 203 914 πρὸς
225 836 289 897 ΕΖ
312 834 410 914 λόγος
433 829 501 897 ἐστὶ
525 832 652 907 δοθείς·
676 827 781 895 δοθέν
804 827 840 895 δέ
864 831 901 895 τὸ
924 836 1004 895 ΛΕ·
1031 829 1138 898 δοθέν

13 970 15 976 >
121 941 185 1022 ἄρα
213 936 267 1002 καὶ
296 940 332 1002 τὸ
355 942 431 1003 ΕΖ’
465 936 520 1001 καὶ
548 938 627 1003 ὅλον
654 939 719 1020 ἄρα
745 939 783 1001 τὸ
806 941 873 1002 ΔΖ
900 937 1005 1003 δοθέν
1036 939 1137 1005 ε’στιν.

122 1049 190 1109 ἔστι
215 1042 251 1108 δὲ
275 1042 429 1128 ἑκάτερον
452 1056 520 1108 τῶν
540 1050 617 1127 ΛΕ,
636 1049 700 1108 ΕΖ
724 1044 841 1109 δοθέν·
865 1047 963 1127 λόγος
985 1047 1052 1130 ἄρα
1075 1055 1137 1111 τοῦ
1184 1032 1187 1039 ’

121 1156 188 1215 ΛΖ
215 1152 299 1234 πρὸς
326 1148 479 1235 ἑκάτερον
507 1162 573 1214 τῶν
601 1155 682 1233 ΛΕ,
705 1154 768 1214 ΕΖ
802 1152 924 1227 δοθείς.
977 1151 1033 1216 καὶ
1066 1151 1140 1218 ε’ττεί

69 1269 103 1318 10
123 1257 213 1320 ἐστιν
237 1257 282 1332 ὡς
304 1257 341 1320 τὸ
364 1260 435 1321 ΑΓ
457 1258 540 1340 πρὸς
563 1260 640 1340 ΓΒ,
673 1257 778 1333 οὕτως
800 1258 837 1321 τὸ
861 1263 930 1322 ΔΕ
954 1260 1039 1344 πρὸς
1061 1264 1138 1344 ΕΖ,

122 1359 283 1426 συνθέντι
308 1363 353 1439 ὡς
375 1363 412 1426 τὸ
430 1367 496 1427 AB
519 1365 602 1448 σιμὸς
625 1365 661 1428 τὸ
681 1367 754 1446 ΒΓ,
778 1364 885 1440 οὕτως
906 1366 943 1429 τὸ
962 1369 1030 1430 ΔΖ
1053 1369 1140 1453 πρὸς

123 1473 199 1532 ΖΕ·
223 1466 278 1532 καὶ
302 1468 544 1555 ἀναστρέψαντι
567 1469 612 1546 ὡς
629 1472 666 1535 τὸ
685 1475 750 1535 AB
773 1472 858 1555 πρὸς
875 1473 912 1536 τὸ
931 1476 1007 1555 AF,
1032 1473 1140 1551 οὕτως

121 1577 159 1640 τὸ
182 1582 215 1640 Δ
222 1579 249 1638 Ζ
271 1577 355 1660 πρὸς
376 1580 452 1641 ΔΕ.
489 1573 545 1640 καὶ
569 1573 637 1640 εἰιεὶ
660 1577 705 1652 ὡς
727 1578 764 1641 τὸ
785 1581 819 1640 Δ
826 1580 853 1639 Ζ
875 1579 958 1662 πρὸς
982 1577 1140 1665 ἑκάτερον

123 1693 191 1747 τῶν
223 1687 304 1766 ΛΕ,
330 1686 408 1766 ΕΖ,
445 1682 551 1759 οὕτως
587 1684 624 1746 τὸ
656 1688 721 1747 AB
759 1685 842 1768 πρὸς
878 1681 1034 1770 ἑκάτερον
1070 1699 1141 1752 τῶν

71 1803 104 1850 15
123 1791 199 1872 AF,
220 1792 297 1871 FB,
325 1791 423 1871 λόγος
445 1791 509 1874 ἄρα
532 1787 587 1853 καὶ
610 1797 670 1853 τοῦ
693 1794 759 1856 ΑΒ
787 1792 870 1875 πρὸς
893 1788 1050 1878 ἑκάτερον
1072 1805 1142 1860 τῶν

78 1979 80 1983 Ι
125 1899 200 1979 AF,
220 1899 281 1960 FB
305 1896 427 1972 δοθείς.
633 1983 641 2004 ‚

189 2108 265 2173 Ἐὰν
288 2108 468 2192 δεδομένον
491 2107 632 2192 μέγεθος
654 2111 701 2186 εἰς
724 2109 903 2193 δεδομένον
927 2114 1029 2193 λόγον
1053 2113 1142 2176 διαι-

124 2223 219 2301 ρεθῇ,
243 2213 396 2298 ἑκάτερον
419 2225 487 2278 τῶν
509 2213 687 2297 τμημάτων
711 2215 890 2300 δεδομένον
913 2215 1011 2281 ἐστίν.

71 2336 105 2383 20
191 2318 372 2404 δεδομένον
390 2319 452 2403 γὰρ
472 2316 613 2402 μέγεθος
631 2321 667 2385 τὸ
682 2326 748 2387 AB
771 2324 818 2398 εἰς
837 2322 1018 2406 δεδομένον
1036 2326 1140 2406 λόγον

20 2447 25 2458 “
125 2429 298 2512 διῃρήσθω
323 2427 381 2490 τὸν
404 2434 464 2489 τοῦ
488 2428 558 2490 AF
575 2427 658 2511 σιμὸς
682 2430 755 2492 FB·
786 2427 885 2511 λέγω,
909 2429 959 2493 ότι
982 2427 1142 2517 ἑκάτερον

125 2544 192 2597 τῶν
215 2539 247 2596 Α
253 2536 289 2618 Γ,
310 2534 376 2596 FB
394 2531 498 2597 δοθέν
522 2532 619 2598 ἐστιν.

191 2637 260 2704 εἰτεὶ
293 2640 355 2723 γὰρ
388 2641 487 2721 λόγος
519 2638 586 2705 ἐστὶ
618 2650 678 2704 τοῦ
708 2647 740 2705 Α
747 2644 779 2705 Γ
805 2643 888 2726 πρὸς
918 2646 978 2707 ΓΒ
1011 2643 1141 2727 δοθείς,

124 2748 221 2828 λόγος
248 2748 312 2830 ἄρα
340 2743 395 2810 καὶ
421 2755 480 2810 τοῦ
504 2751 569 2810 ΑΒ
596 2749 680 2832 πρὸς
707 2745 861 2834 ἑκάτερον
888 2759 955 2813 τῶν
978 2753 1055 2833 AF,
1075 2754 1138 2816 FB

195 2945 219 2993 4.
240 2939 332 3010 λόγος]
350 2935 447 3000 λοίπος
466 2938 526 3009 (sic)
546 2956 570 2993 ο.
648 2940 679 2994 τδ
699 2944 749 2994 ΓΒ
772 2957 820 2994 va.
898 2941 994 3003 οιότοῖς
1012 2958 1038 2996 a.
1113 2947 1140 2996 5.

123 3012 155 3065 τὸ
176 3015 230 3064 ΕΖ
249 3027 274 3064 a.
348 3008 526 3077 δόρει-θ.
547 3007 614 3082 zan]
633 3010 714 3079 λόγος
733 3010 788 3078 ἄρα
807 3011 922 3066 καὶτοῦ
942 3015 999 3067 ΔΕ
1017 3013 1088 3080 πρὸς
1107 3014 1140 3068 τδ

125 3087 179 3136 ΕΖ
198 3100 222 3136 ε.
305 3088 328 3135 6.
349 3078 423 3134 ἐστίν
441 3080 494 3135 Pv.
577 3087 600 3135 8.
622 3081 695 3136 ἔστιν
714 3081 766 3150 Pv,
841 3079 872 3136 δὲ
891 3080 939 3136 καί
958 3100 983 3137 ει.
1057 3084 1142 3153 λόγος

124 3160 212 3208 -16,
228 3150 337 3224 δοθελς]
357 3151 413 3219 ἄρα
431 3151 515 3221 λόγον
533 3151 588 3222 ἔχει
602 3151 768 3221 δεδομένον·
789 3154 825 3215 ὡς
840 3151 871 3208 δὲ
885 3155 955 3222 πρὸς
969 3158 1032 3221 ΕΖ,
1051 3153 1142 3218 οὕτως

123 3226 154 3278 τὸ
174 3229 223 3278 AB
247 3224 316 3290 πρὸς
340 3222 471 3292 ἑκάτερον
494 3232 549 3277 τῶν
568 3229 628 3291 AF,
644 3229 706 3278 FB·
730 3225 827 3279 καὶτὸ
845 3231 896 3278 AB
915 3225 985 3293 πρὸς
1005 3224 1140 3294 ἑκάτερον

123 3305 179 3349 τῶν
202 3301 224 3348 Α
232 3298 262 3359 Γ,
283 3299 333 3349 ΓΒ
358 3295 438 3364 λόγος
462 3294 518 3349 ἐστὶ
542 3294 639 3357 δοθείς
662 3313 687 3350 a.
779 3301 803 3351 8.
827 3296 958 3366 λόγος-
979 3302 1002 3351 9.
1027 3295 1139 3369 eaesis]

125 3384 209 3435 supra
228 3366 292 3420 add.
307 3384 342 3420 m.
359 3372 374 3419 3
394 3384 419 3421 v.
481 3372 522 3420 10.
542 3367 589 3437 ὡς]
610 3367 674 3421 add.
689 3384 725 3420 m.
742 3373 757 3419 2
776 3367 840 3421 vat.
906 3374 947 3422 11.
968 3365 1039 3422 οὕτω
1059 3369 1125 3423 Vat.

63 3463 67 3472 ·
124 3437 322 3492 itemlin.12.
404 3442 445 3491 13.
465 3437 495 3490 τὸ
514 3440 570 3492 ΔΕ
588 3438 653 3493 Vat.
733 3442 774 3491 19.
795 3436 880 3510 ἐστίν]
900 3438 975 3493 ἔσται
994 3441 1053 3510 β,
1095 3445 1138 3496 21.

124 3508 154 3563 τὸ
176 3513 226 3563 ΓΒ
246 3526 271 3564 ιι,
345 3514 387 3564 23.
408 3509 470 3579 ΓΒ]
489 3508 520 3562 τὸ
540 3513 635 3563 Bra.
709 3513 751 3563 24.
771 3508 831 3580 καί]
851 3526 904 3565 om.
923 3510 988 3565 Vat.
