<?xml version="1.0" encoding="UTF-8"?>
<!DOCTYPE html PUBLIC "-//W3C//DTD XHTML 1.0 Transitional//EN"
    "http://www.w3.org/TR/xhtml1/DTD/xhtml1-transitional.dtd">
<html xmlns="http://www.w3.org/1999/xhtml" xml:lang="en" lang="en">
 <head>
  <title>
</title>
<meta http-equiv="Content-Type" content="text/html;charset=utf-8" />
  <meta name='ocr-system' content='tesseract 3.04.00' />
  <meta name='ocr-capabilities' content='ocr_page ocr_carea ocr_par ocr_line ocrx_word'/>
</head>
<body>
  <div class='ocr_page' id='page_1' title='image "./euclidisoperaom05unkngoog_0052.png"; bbox 0 0 2400 3840; ppageno 0'>
   <div class='ocr_carea' id='block_1_1' title="bbox 426 134 1071 191">
    <p class='ocr_par' dir='ltr' id='par_1_1' title="bbox 426 134 1071 191">
     <span class='ocr_line' id='line_1_1' title="bbox 426 134 1071 191; baseline -0.002 -2"><span class='ocrx_word' id='word_1_1' title='bbox 426 137 704 191; x_wconf 77' lang='lat' dir='ltr'><strong>PROLEGOMENA.</strong></span> <span class='ocrx_word' id='word_1_2' title='bbox 1009 134 1071 188; x_wconf 90' lang='lat' dir='ltr'><strong>XLI</strong></span> 
     </span>
    </p>
   </div>
   <div class='ocr_carea' id='block_1_2' title="bbox 51 275 1082 3146">
    <p class='ocr_par' dir='ltr' id='par_1_2' title="bbox 51 275 1081 2670">
     <span class='ocr_line' id='line_1_2' title="bbox 131 275 1072 346; baseline -0.003 -13"><span class='ocrx_word' id='word_1_3' title='bbox 131 279 192 333; x_wconf 91' lang='lat' dir='ltr'><strong>Iam</strong></span> <span class='ocrx_word' id='word_1_4' title='bbox 210 278 248 333; x_wconf 90' lang='lat' dir='ltr'><strong>ad</strong></span> <span class='ocrx_word' id='word_1_5' title='bbox 266 277 342 333; x_wconf 90' lang='lat' dir='ltr'><strong>idern</strong></span> <span class='ocrx_word' id='word_1_6' title='bbox 360 276 432 333; x_wconf 91' lang='lat' dir='ltr'><strong>illud</strong></span> <span class='ocrx_word' id='word_1_7' title='bbox 446 275 567 332; x_wconf 80' lang='lat' dir='ltr'>Theonis</span> <span class='ocrx_word' id='word_1_8' title='bbox 587 276 712 331; x_wconf 91' lang='lat' dir='ltr'><strong>studium</strong></span> <span class='ocrx_word' id='word_1_9' title='bbox 730 278 906 332; x_wconf 79' lang='lat' dir='ltr'><strong>referendum</strong></span> <span class='ocrx_word' id='word_1_10' title='bbox 926 279 977 345; x_wconf 88' lang='lat' dir='ltr'><strong>est,</strong></span> <span class='ocrx_word' id='word_1_11' title='bbox 996 276 1072 346; x_wconf 90' lang='lat' dir='ltr'><strong>quod</strong></span> 
     </span>
     <span class='ocr_line' id='line_1_3' title="bbox 51 355 1071 432; baseline -0.005 -17"><span class='ocrx_word' id='word_1_12' title='bbox 51 381 84 432; x_wconf 92' lang='lat' dir='ltr'><strong>p.</strong></span> <span class='ocrx_word' id='word_1_13' title='bbox 110 366 176 431; x_wconf 92' lang='grc'><strong>172,</strong></span> <span class='ocrx_word' id='word_1_14' title='bbox 204 365 238 415; x_wconf 93' lang='grc'><strong>15</strong></span> <span class='ocrx_word' id='word_1_15' title='bbox 268 359 382 414; x_wconf 87' lang='lat' dir='ltr'><strong>solitam</strong></span> <span class='ocrx_word' id='word_1_16' title='bbox 409 355 657 412; x_wconf 76' lang='lat' dir='ltr'><strong>demonstrationis</strong></span> <span class='ocrx_word' id='word_1_17' title='bbox 685 357 805 411; x_wconf 85' lang='lat' dir='ltr'><strong>formam</strong></span> <span class='ocrx_word' id='word_1_18' title='bbox 831 357 944 412; x_wconf 89' lang='lat' dir='ltr'><strong>restitui</strong></span> <span class='ocrx_word' id='word_1_19' title='bbox 971 356 1071 425; x_wconf 88' lang='lat' dir='ltr'><strong>uoluit,</strong></span> 
     </span>
     <span class='ocr_line' id='line_1_4' title="bbox 53 435 1072 512; baseline -0.005 -17"><span class='ocrx_word' id='word_1_20' title='bbox 53 461 84 512; x_wconf 91' lang='lat' dir='ltr'><strong>p.</strong></span> <span class='ocrx_word' id='word_1_21' title='bbox 100 446 167 510; x_wconf 91' lang='grc'><strong>110,</strong></span> <span class='ocrx_word' id='word_1_22' title='bbox 183 447 197 495; x_wconf 94' lang='grc'><strong>1</strong></span> <span class='ocrx_word' id='word_1_23' title='bbox 213 435 253 495; x_wconf 73' lang='grc' dir='ltr'><strong>ὧν</strong></span> <span class='ocrx_word' id='word_1_24' title='bbox 266 456 316 510; x_wconf 93' lang='lat' dir='ltr'><strong>pro</strong></span> <span class='ocrx_word' id='word_1_25' title='bbox 331 435 364 494; x_wconf 75' lang='grc' dir='ltr'><strong>οὗ</strong></span> <span class='ocrx_word' id='word_1_26' title='bbox 386 437 499 508; x_wconf 75' lang='lat' dir='ltr'><strong>scripsit</strong></span> <span class='ocrx_word' id='word_1_27' title='bbox 511 453 618 491; x_wconf 89' lang='lat' dir='ltr'><strong>memor</strong></span> <span class='ocrx_word' id='word_1_28' title='bbox 635 454 662 505; x_wconf 93' lang='lat' dir='ltr'><strong>p.</strong></span> <span class='ocrx_word' id='word_1_29' title='bbox 678 442 742 505; x_wconf 84' lang='lat'><strong>108,</strong></span> <span class='ocrx_word' id='word_1_30' title='bbox 757 442 787 505; x_wconf 91' lang='grc'><strong>3,</strong></span> <span class='ocrx_word' id='word_1_31' title='bbox 815 455 843 506; x_wconf 88' lang='lat' dir='ltr'><strong>p.</strong></span> <span class='ocrx_word' id='word_1_32' title='bbox 859 442 923 505; x_wconf 91' lang='lat'><strong>120,</strong></span> <span class='ocrx_word' id='word_1_33' title='bbox 939 442 972 491; x_wconf 91' lang='grc'><strong>25</strong></span> <span class='ocrx_word' id='word_1_34' title='bbox 992 436 1072 506; x_wconf 72' lang='grc' dir='ltr'><strong><em>λόγος</em></strong></span> 
     </span>
     <span class='ocr_line' id='line_1_5' title="bbox 57 513 1073 588; baseline -0.004 -14"><span class='ocrx_word' id='word_1_35' title='bbox 57 517 119 575; x_wconf 62' lang='lat' dir='ltr'><strong>loct</strong></span> <span class='ocrx_word' id='word_1_36' title='bbox 133 521 232 582; x_wconf 75' lang='grc'><strong>080818</strong></span> <span class='ocrx_word' id='word_1_37' title='bbox 250 518 371 587; x_wconf 77' lang='lat' dir='ltr'>addidit,</span> <span class='ocrx_word' id='word_1_38' title='bbox 389 515 546 588; x_wconf 67' lang='grc'><strong>,1118411</strong></span> <span class='ocrx_word' id='word_1_39' title='bbox 562 513 663 585; x_wconf 75' lang='grc' dir='ltr'><strong><em>ἐφεξῆς</em></strong></span> <span class='ocrx_word' id='word_1_40' title='bbox 677 517 733 587; x_wconf 79' lang='grc' dir='ltr'><strong>ἄρα</strong></span> <span class='ocrx_word' id='word_1_41' title='bbox 751 516 907 571; x_wconf 90' lang='lat' dir='ltr'><strong>inculcauit</strong></span> <span class='ocrx_word' id='word_1_42' title='bbox 920 517 1073 587; x_wconf 79' lang='lat' dir='ltr'><strong>respiciens</strong></span> 
     </span>
     <span class='ocr_line' id='line_1_6' title="bbox 57 597 1073 673; baseline -0.007 -16"><span class='ocrx_word' id='word_1_43' title='bbox 57 603 97 658; x_wconf 83' lang='lat' dir='ltr'><strong>ad</strong></span> <span class='ocrx_word' id='word_1_44' title='bbox 115 621 144 673; x_wconf 92' lang='lat' dir='ltr'><strong>p.</strong></span> <span class='ocrx_word' id='word_1_45' title='bbox 160 607 202 671; x_wconf 93' lang='grc'><strong>80,</strong></span> <span class='ocrx_word' id='word_1_46' title='bbox 217 606 265 668; x_wconf 87' lang='grc'><strong>22,</strong></span> <span class='ocrx_word' id='word_1_47' title='bbox 289 605 411 668; x_wconf 84' lang='lat'><strong>112,10;</strong></span> <span class='ocrx_word' id='word_1_48' title='bbox 436 603 557 666; x_wconf 83' lang='lat'><strong>124,12;</strong></span> <span class='ocrx_word' id='word_1_49' title='bbox 586 597 636 651; x_wconf 90' lang='lat' dir='ltr'><strong>sed</strong></span> <span class='ocrx_word' id='word_1_50' title='bbox 658 598 712 652; x_wconf 88' lang='lat' dir='ltr'><strong>hoo</strong></span> <span class='ocrx_word' id='word_1_51' title='bbox 731 616 758 667; x_wconf 88' lang='lat' dir='ltr'><strong>p.</strong></span> <span class='ocrx_word' id='word_1_52' title='bbox 774 602 834 666; x_wconf 90' lang='lat'><strong>210,</strong></span> <span class='ocrx_word' id='word_1_53' title='bbox 850 602 896 665; x_wconf 88' lang='grc'><strong>25,</strong></span> <span class='ocrx_word' id='word_1_54' title='bbox 924 599 956 650; x_wconf 84' lang='grc'><strong>111</strong></span> <span class='ocrx_word' id='word_1_55' title='bbox 973 614 1073 667; x_wconf 88' lang='lat' dir='ltr'><strong>parum</strong></span> 
     </span>
     <span class='ocr_line' id='line_1_7' title="bbox 59 676 1073 748; baseline -0.006 -12"><span class='ocrx_word' id='word_1_56' title='bbox 59 681 118 737; x_wconf 89' lang='lat' dir='ltr'><strong>sibi</strong></span> <span class='ocrx_word' id='word_1_57' title='bbox 137 683 181 736; x_wconf 89' lang='lat' dir='ltr'><strong>est</strong></span> <span class='ocrx_word' id='word_1_58' title='bbox 199 681 345 748; x_wconf 74' lang='lat' dir='ltr'><strong>constans,</strong></span> <span class='ocrx_word' id='word_1_59' title='bbox 368 678 471 732; x_wconf 81' lang='lat' dir='ltr'>addere</span> <span class='ocrx_word' id='word_1_60' title='bbox 490 676 624 746; x_wconf 79' lang='lat' dir='ltr'><strong>neglexit.</strong></span> <span class='ocrx_word' id='word_1_61' title='bbox 661 697 688 748; x_wconf 94' lang='lat' dir='ltr'><strong>p.</strong></span> <span class='ocrx_word' id='word_1_62' title='bbox 703 682 745 746; x_wconf 87' lang='grc'><strong>98,</strong></span> <span class='ocrx_word' id='word_1_63' title='bbox 761 683 794 731; x_wconf 93' lang='grc'><strong>22</strong></span> <span class='ocrx_word' id='word_1_64' title='bbox 818 697 860 746; x_wconf 80' lang='lat' dir='ltr'><strong>re,</strong></span> <span class='ocrx_word' id='word_1_65' title='bbox 889 678 964 746; x_wconf 90' lang='lat' dir='ltr'><strong>quod</strong></span> <span class='ocrx_word' id='word_1_66' title='bbox 986 697 1013 747; x_wconf 92' lang='lat' dir='ltr'><strong>p.</strong></span> <span class='ocrx_word' id='word_1_67' title='bbox 1029 682 1073 745; x_wconf 85' lang='lat'><strong>90,</strong></span> 
     </span>
     <span class='ocr_line' id='line_1_8' title="bbox 57 754 1073 832; baseline -0.009 -15"><span class='ocrx_word' id='word_1_68' title='bbox 57 768 102 832; x_wconf 87' lang='grc' dir='ltr'><strong>8ο,</strong></span> <span class='ocrx_word' id='word_1_69' title='bbox 118 767 167 829; x_wconf 88' lang='grc'><strong>84,</strong></span> <span class='ocrx_word' id='word_1_70' title='bbox 186 765 325 830; x_wconf 86' lang='grc'><strong>84,1-8,</strong></span> <span class='ocrx_word' id='word_1_71' title='bbox 345 763 388 828; x_wconf 87' lang='grc'><strong>88,</strong></span> <span class='ocrx_word' id='word_1_72' title='bbox 403 765 432 826; x_wconf 86' lang='grc' dir='ltr'><strong>ο,</strong></span> <span class='ocrx_word' id='word_1_73' title='bbox 453 763 513 825; x_wconf 88' lang='grc'><strong>184,</strong></span> <span class='ocrx_word' id='word_1_74' title='bbox 528 763 574 826; x_wconf 87' lang='grc'><strong>18,</strong></span> <span class='ocrx_word' id='word_1_75' title='bbox 596 763 752 826; x_wconf 74' lang='grc'><strong>1141818</strong></span> <span class='ocrx_word' id='word_1_76' title='bbox 771 757 801 811; x_wconf 84' lang='lat' dir='ltr'><strong>in</strong></span> <span class='ocrx_word' id='word_1_77' title='bbox 814 756 908 811; x_wconf 75' lang='lat' dir='ltr'><strong>uerbis</strong></span> <span class='ocrx_word' id='word_1_78' title='bbox 928 754 1010 826; x_wconf 74' lang='grc' dir='ltr'><strong><em>ὅμοια</em></strong></span> <span class='ocrx_word' id='word_1_79' title='bbox 1024 757 1073 809; x_wconf 71' lang='grc' dir='ltr'><strong>και</strong></span> 
     </span>
     <span class='ocr_line' id='line_1_9' title="bbox 58 832 1074 912; baseline -0.009 -15"><span class='ocrx_word' id='word_1_80' title='bbox 58 841 164 912; x_wconf 80' lang='grc' dir='ltr'><strong><em>ὁμοίως</em></strong></span> <span class='ocrx_word' id='word_1_81' title='bbox 177 841 292 909; x_wconf 78' lang='grc' dir='ltr'><strong><em>κείμενα</em></strong></span> <span class='ocrx_word' id='word_1_82' title='bbox 306 838 353 892; x_wconf 91' lang='lat' dir='ltr'><strong>uel</strong></span> <span class='ocrx_word' id='word_1_83' title='bbox 367 832 602 906; x_wconf 72' lang='grc' dir='ltr'><strong><em>ἀναγεγραμμένοι</em></strong></span> <span class='ocrx_word' id='word_1_84' title='bbox 615 852 673 891; x_wconf 89' lang='grc'><strong>11811</strong></span> <span class='ocrx_word' id='word_1_85' title='bbox 686 836 792 908; x_wconf 79' lang='lat' dir='ltr'><strong>legitur</strong></span> <span class='ocrx_word' id='word_1_86' title='bbox 800 837 828 907; x_wconf 83' lang='lat'><strong>¹),</strong></span> <span class='ocrx_word' id='word_1_87' title='bbox 848 835 998 890; x_wconf 89' lang='lat' dir='ltr'><strong>delendum</strong></span> <span class='ocrx_word' id='word_1_88' title='bbox 1012 851 1074 889; x_wconf 88' lang='lat' dir='ltr'><strong>esse</strong></span> 
     </span>
     <span class='ocr_line' id='line_1_10' title="bbox 57 915 1073 990; baseline -0.008 -14"><span class='ocrx_word' id='word_1_89' title='bbox 57 919 177 977; x_wconf 86' lang='lat' dir='ltr'><strong>censuit.</strong></span> <span class='ocrx_word' id='word_1_90' title='bbox 216 919 304 974; x_wconf 85' lang='lat' dir='ltr'><strong>etiam</strong></span> <span class='ocrx_word' id='word_1_91' title='bbox 324 938 351 990; x_wconf 94' lang='lat' dir='ltr'><strong>p.</strong></span> <span class='ocrx_word' id='word_1_92' title='bbox 368 924 415 986; x_wconf 92' lang='grc'><strong>12,</strong></span> <span class='ocrx_word' id='word_1_93' title='bbox 429 922 498 971; x_wconf 91' lang='grc'><strong>5-6</strong></span> <span class='ocrx_word' id='word_1_94' title='bbox 517 915 643 972; x_wconf 82' lang='lat' dir='ltr'><strong>Euclidis</strong></span> <span class='ocrx_word' id='word_1_95' title='bbox 661 935 744 971; x_wconf 91' lang='lat' dir='ltr'><strong>usum</strong></span> <span class='ocrx_word' id='word_1_96' title='bbox 762 918 873 971; x_wconf 87' lang='lat' dir='ltr'><strong>secutus</strong></span> <span class='ocrx_word' id='word_1_97' title='bbox 892 932 953 972; x_wconf 90' lang='lat' dir='ltr'><strong>esse</strong></span> <span class='ocrx_word' id='word_1_98' title='bbox 971 917 1073 985; x_wconf 86' lang='lat' dir='ltr'><strong>putan-</strong></span> 
     </span>
     <span class='ocr_line' id='line_1_11' title="bbox 58 995 1073 1069; baseline -0.008 -13"><span class='ocrx_word' id='word_1_99' title='bbox 58 1003 113 1056; x_wconf 88' lang='lat' dir='ltr'><strong>dus</strong></span> <span class='ocrx_word' id='word_1_100' title='bbox 132 1002 185 1056; x_wconf 88' lang='lat' dir='ltr'><strong>est.</strong></span> <span class='ocrx_word' id='word_1_101' title='bbox 221 999 298 1068; x_wconf 92' lang='lat' dir='ltr'><strong>quod</strong></span> <span class='ocrx_word' id='word_1_102' title='bbox 321 997 479 1069; x_wconf 88' lang='lat' dir='ltr'><strong>exemplum</strong></span> <span class='ocrx_word' id='word_1_103' title='bbox 501 1013 564 1050; x_wconf 93' lang='lat' dir='ltr'><strong>cum</strong></span> <span class='ocrx_word' id='word_1_104' title='bbox 586 996 690 1065; x_wconf 89' lang='lat' dir='ltr'><strong>adtuli,</strong></span> <span class='ocrx_word' id='word_1_105' title='bbox 719 999 755 1052; x_wconf 89' lang='lat' dir='ltr'><strong>ad</strong></span> <span class='ocrx_word' id='word_1_106' title='bbox 779 1013 826 1051; x_wconf 89' lang='lat' dir='ltr'><strong>eos</strong></span> <span class='ocrx_word' id='word_1_107' title='bbox 849 996 925 1051; x_wconf 90' lang='lat' dir='ltr'><strong>locos</strong></span> <span class='ocrx_word' id='word_1_108' title='bbox 949 995 1073 1066; x_wconf 89' lang='lat' dir='ltr'><strong>perueni,</strong></span> 
     </span>
     <span class='ocr_line' id='line_1_12' title="bbox 59 1074 1074 1151; baseline -0.006 -15"><span class='ocrx_word' id='word_1_109' title='bbox 59 1080 165 1151; x_wconf 88' lang='lat' dir='ltr'><strong>quibus</strong></span> <span class='ocrx_word' id='word_1_110' title='bbox 175 1078 290 1134; x_wconf 90' lang='lat' dir='ltr'><strong>solitum</strong></span> <span class='ocrx_word' id='word_1_111' title='bbox 300 1078 449 1132; x_wconf 89' lang='lat' dir='ltr'><strong>uerborum</strong></span> <span class='ocrx_word' id='word_1_112' title='bbox 463 1074 590 1131; x_wconf 84' lang='lat' dir='ltr'><strong>ordinem</strong></span> <span class='ocrx_word' id='word_1_113' title='bbox 602 1077 709 1133; x_wconf 87' lang='lat' dir='ltr'><strong>refecit.</strong></span> <span class='ocrx_word' id='word_1_114' title='bbox 734 1094 855 1145; x_wconf 88' lang='lat' dir='ltr'><strong>namque</strong></span> <span class='ocrx_word' id='word_1_115' title='bbox 869 1094 933 1132; x_wconf 92' lang='lat' dir='ltr'><strong>cum</strong></span> <span class='ocrx_word' id='word_1_116' title='bbox 941 1075 1074 1131; x_wconf 82' lang='lat' dir='ltr'><strong>Euclides</strong></span> 
     </span>
     <span class='ocr_line' id='line_1_13' title="bbox 58 1152 1075 1232; baseline -0.007 -16"><span class='ocrx_word' id='word_1_117' title='bbox 58 1161 227 1232; x_wconf 89' lang='lat' dir='ltr'><strong>plerumque</strong></span> <span class='ocrx_word' id='word_1_118' title='bbox 250 1158 329 1212; x_wconf 90' lang='lat' dir='ltr'><strong>dicat</strong></span> <span class='ocrx_word' id='word_1_119' title='bbox 352 1157 412 1212; x_wconf 80' lang='grc' dir='ltr'><strong>ἐπεὶ</strong></span> <span class='ocrx_word' id='word_1_120' title='bbox 429 1155 510 1226; x_wconf 76' lang='grc' dir='ltr'><strong><em>λόγος</em></strong></span> <span class='ocrx_word' id='word_1_121' title='bbox 533 1152 657 1212; x_wconf 72' lang='grc'><strong>1811886</strong></span> <span class='ocrx_word' id='word_1_122' title='bbox 678 1189 709 1197; x_wconf 82' lang='lat'><em>—</em></span> <span class='ocrx_word' id='word_1_123' title='bbox 730 1160 841 1226; x_wconf 76' lang='grc' dir='ltr'><strong>δοθείς,</strong></span> <span class='ocrx_word' id='word_1_124' title='bbox 868 1157 966 1211; x_wconf 83' lang='lat' dir='ltr'><strong>Theon</strong></span> <span class='ocrx_word' id='word_1_125' title='bbox 988 1156 1075 1212; x_wconf 87' lang='lat' dir='ltr'><strong>etiam</strong></span> 
     </span>
     <span class='ocr_line' id='line_1_14' title="bbox 58 1235 1075 1312; baseline -0.004 -17"><span class='ocrx_word' id='word_1_126' title='bbox 58 1260 87 1312; x_wconf 91' lang='lat' dir='ltr'><strong>p.</strong></span> <span class='ocrx_word' id='word_1_127' title='bbox 103 1246 152 1310; x_wconf 92' lang='grc'><strong>26,</strong></span> <span class='ocrx_word' id='word_1_128' title='bbox 172 1245 187 1293; x_wconf 92' lang='grc'><strong>2</strong></span> <span class='ocrx_word' id='word_1_129' title='bbox 206 1239 277 1294; x_wconf 90' lang='lat' dir='ltr'><strong>haec</strong></span> <span class='ocrx_word' id='word_1_130' title='bbox 294 1237 382 1292; x_wconf 91' lang='lat' dir='ltr'><strong>uerba</strong></span> <span class='ocrx_word' id='word_1_131' title='bbox 401 1235 441 1291; x_wconf 90' lang='lat' dir='ltr'><strong>sic</strong></span> <span class='ocrx_word' id='word_1_132' title='bbox 460 1236 619 1291; x_wconf 85' lang='lat' dir='ltr'><strong>collocauit.</strong></span> <span class='ocrx_word' id='word_1_133' title='bbox 657 1237 726 1292; x_wconf 85' lang='lat' dir='ltr'><strong>item</strong></span> <span class='ocrx_word' id='word_1_134' title='bbox 744 1257 771 1308; x_wconf 94' lang='lat' dir='ltr'><strong>p.</strong></span> <span class='ocrx_word' id='word_1_135' title='bbox 787 1243 833 1307; x_wconf 82' lang='lat'><strong>64,</strong></span> <span class='ocrx_word' id='word_1_136' title='bbox 850 1243 954 1291; x_wconf 89' lang='lat'><strong>11-12</strong></span> <span class='ocrx_word' id='word_1_137' title='bbox 978 1237 1075 1306; x_wconf 84' lang='lat' dir='ltr'><strong>singu-</strong></span> 
     </span>
     <span class='ocr_line' id='line_1_15' title="bbox 57 1315 1075 1388; baseline -0.007 -12"><span class='ocrx_word' id='word_1_138' title='bbox 57 1320 130 1376; x_wconf 83' lang='lat' dir='ltr'><strong>laris</strong></span> <span class='ocrx_word' id='word_1_139' title='bbox 149 1335 218 1375; x_wconf 87' lang='lat' dir='ltr'><strong>sane</strong></span> <span class='ocrx_word' id='word_1_140' title='bbox 237 1318 304 1373; x_wconf 91' lang='lat' dir='ltr'><strong>ordo</strong></span> <span class='ocrx_word' id='word_1_141' title='bbox 323 1333 388 1372; x_wconf 89' lang='lat' dir='ltr'><strong>eum</strong></span> <span class='ocrx_word' id='word_1_142' title='bbox 405 1316 530 1371; x_wconf 88' lang='lat' dir='ltr'><strong>offendit.</strong></span> <span class='ocrx_word' id='word_1_143' title='bbox 558 1336 585 1386; x_wconf 92' lang='lat' dir='ltr'><strong>p.</strong></span> <span class='ocrx_word' id='word_1_144' title='bbox 600 1323 643 1385; x_wconf 91' lang='grc'><strong>92,</strong></span> <span class='ocrx_word' id='word_1_145' title='bbox 660 1324 692 1372; x_wconf 96' lang='grc'><strong>17</strong></span> <span class='ocrx_word' id='word_1_146' title='bbox 712 1317 772 1372; x_wconf 91' lang='lat' dir='ltr'><strong>sine</strong></span> <span class='ocrx_word' id='word_1_147' title='bbox 792 1316 878 1371; x_wconf 91' lang='lat' dir='ltr'><strong>dubio</strong></span> <span class='ocrx_word' id='word_1_148' title='bbox 896 1317 1021 1388; x_wconf 86' lang='lat' dir='ltr'><strong>respexit</strong></span> <span class='ocrx_word' id='word_1_149' title='bbox 1037 1315 1075 1372; x_wconf 93' lang='lat' dir='ltr'><strong>ad</strong></span> 
     </span>
     <span class='ocr_line' id='line_1_16' title="bbox 58 1396 1075 1472; baseline -0.004 -18"><span class='ocrx_word' id='word_1_150' title='bbox 58 1420 88 1472; x_wconf 82' lang='lat' dir='ltr'><strong>p.</strong></span> <span class='ocrx_word' id='word_1_151' title='bbox 104 1405 147 1469; x_wconf 89' lang='grc'><strong>88,</strong></span> <span class='ocrx_word' id='word_1_152' title='bbox 167 1405 197 1467; x_wconf 86' lang='grc'><strong>8,</strong></span> <span class='ocrx_word' id='word_1_153' title='bbox 226 1396 369 1467; x_wconf 73' lang='grc'><strong>88881,</strong></span> <span class='ocrx_word' id='word_1_154' title='bbox 397 1416 424 1467; x_wconf 86' lang='lat' dir='ltr'><strong>p.</strong></span> <span class='ocrx_word' id='word_1_155' title='bbox 441 1401 590 1465; x_wconf 83' lang='grc'><strong>188,1-8</strong></span> <span class='ocrx_word' id='word_1_156' title='bbox 614 1397 652 1452; x_wconf 81' lang='lat' dir='ltr'><strong>ad</strong></span> <span class='ocrx_word' id='word_1_157' title='bbox 673 1417 700 1468; x_wconf 82' lang='lat' dir='ltr'><strong>p.</strong></span> <span class='ocrx_word' id='word_1_158' title='bbox 716 1404 758 1467; x_wconf 89' lang='grc'><strong>88,</strong></span> <span class='ocrx_word' id='word_1_159' title='bbox 774 1404 821 1465; x_wconf 79' lang='grc'><strong>88,</strong></span> <span class='ocrx_word' id='word_1_160' title='bbox 849 1403 954 1466; x_wconf 68' lang='grc'><strong>8419,</strong></span> <span class='ocrx_word' id='word_1_161' title='bbox 983 1404 1025 1467; x_wconf 83' lang='grc'><strong>88,</strong></span> <span class='ocrx_word' id='word_1_162' title='bbox 1045 1403 1075 1465; x_wconf 70' lang='lat' dir='ltr'><strong>e,</strong></span> 
     </span>
     <span class='ocr_line' id='line_1_17' title="bbox 60 1471 1077 1550; baseline -0.005 -15"><span class='ocrx_word' id='word_1_163' title='bbox 60 1486 109 1550; x_wconf 92' lang='grc'><strong>96,</strong></span> <span class='ocrx_word' id='word_1_164' title='bbox 129 1485 177 1547; x_wconf 84' lang='grc'><strong>26,</strong></span> <span class='ocrx_word' id='word_1_165' title='bbox 206 1477 254 1534; x_wconf 86' lang='lat' dir='ltr'><strong>cfr.</strong></span> <span class='ocrx_word' id='word_1_166' title='bbox 275 1497 302 1548; x_wconf 93' lang='lat' dir='ltr'><strong>p.</strong></span> <span class='ocrx_word' id='word_1_167' title='bbox 318 1482 440 1545; x_wconf 88' lang='grc'><strong>132,10.</strong></span> <span class='ocrx_word' id='word_1_168' title='bbox 480 1482 570 1548; x_wconf 68' lang='grc'><strong>1188,</strong></span> <span class='ocrx_word' id='word_1_169' title='bbox 590 1483 623 1531; x_wconf 91' lang='grc'><strong>10</strong></span> <span class='ocrx_word' id='word_1_170' title='bbox 647 1493 697 1547; x_wconf 90' lang='lat' dir='ltr'><strong>pro</strong></span> <span class='ocrx_word' id='word_1_171' title='bbox 722 1471 779 1533; x_wconf 76' lang='lat' dir='ltr'><strong>tort</strong></span> <span class='ocrx_word' id='word_1_172' title='bbox 798 1479 918 1532; x_wconf 77' lang='grc' dir='ltr'><em>δοθεῖσα</em></span> <span class='ocrx_word' id='word_1_173' title='bbox 940 1476 1077 1547; x_wconf 88' lang='lat' dir='ltr'><strong>praetulit</strong></span> 
     </span>
     <span class='ocr_line' id='line_1_18' title="bbox 59 1552 1075 1627; baseline -0.005 -13"><span class='ocrx_word' id='word_1_174' title='bbox 59 1556 185 1614; x_wconf 73' lang='grc'><strong>8881118</strong></span> <span class='ocrx_word' id='word_1_175' title='bbox 203 1552 260 1611; x_wconf 66' lang='grc' dir='ltr'><strong>ἐστι</strong></span> <span class='ocrx_word' id='word_1_176' title='bbox 279 1558 315 1626; x_wconf 86' lang='lat' dir='ltr'><strong>(u.</strong></span> <span class='ocrx_word' id='word_1_177' title='bbox 334 1575 360 1626; x_wconf 87' lang='lat' dir='ltr'><strong>p.</strong></span> <span class='ocrx_word' id='word_1_178' title='bbox 376 1560 419 1624; x_wconf 89' lang='grc'><strong>88,</strong></span> <span class='ocrx_word' id='word_1_179' title='bbox 436 1559 464 1623; x_wconf 84' lang='grc'><strong>1,</strong></span> <span class='ocrx_word' id='word_1_180' title='bbox 483 1560 526 1626; x_wconf 91' lang='grc'><strong>84,</strong></span> <span class='ocrx_word' id='word_1_181' title='bbox 540 1563 565 1625; x_wconf 90' lang='grc'><strong>4,</strong></span> <span class='ocrx_word' id='word_1_182' title='bbox 581 1563 628 1625; x_wconf 80' lang='grc'><strong>81,</strong></span> <span class='ocrx_word' id='word_1_183' title='bbox 648 1559 764 1626; x_wconf 74' lang='grc'><strong>8818),</strong></span> <span class='ocrx_word' id='word_1_184' title='bbox 787 1576 813 1627; x_wconf 86' lang='lat' dir='ltr'><strong>p.</strong></span> <span class='ocrx_word' id='word_1_185' title='bbox 830 1562 872 1625; x_wconf 90' lang='grc' dir='ltr'><strong>8ο,</strong></span> <span class='ocrx_word' id='word_1_186' title='bbox 889 1563 993 1611; x_wconf 83' lang='grc'><strong>11-18</strong></span> <span class='ocrx_word' id='word_1_187' title='bbox 1012 1573 1075 1610; x_wconf 78' lang='lat' dir='ltr'><strong>cum</strong></span> 
     </span>
     <span class='ocr_line' id='line_1_19' title="bbox 58 1635 1076 1707; baseline -0.007 -12"><span class='ocrx_word' id='word_1_188' title='bbox 58 1637 189 1695; x_wconf 80' lang='lat' dir='ltr'><strong>Euclidis</strong></span> <span class='ocrx_word' id='word_1_189' title='bbox 207 1653 313 1691; x_wconf 91' lang='lat' dir='ltr'><strong>morem</strong></span> <span class='ocrx_word' id='word_1_190' title='bbox 330 1635 455 1690; x_wconf 91' lang='lat' dir='ltr'><strong>nondum</strong></span> <span class='ocrx_word' id='word_1_191' title='bbox 471 1637 667 1707; x_wconf 86' lang='lat' dir='ltr'><strong>perspexisset,</strong></span> <span class='ocrx_word' id='word_1_192' title='bbox 685 1637 759 1691; x_wconf 89' lang='lat' dir='ltr'><strong>nihil</strong></span> <span class='ocrx_word' id='word_1_193' title='bbox 776 1637 911 1705; x_wconf 67' lang='lat' dir='ltr'><strong>mutauit,</strong></span> <span class='ocrx_word' id='word_1_194' title='bbox 931 1657 958 1707; x_wconf 87' lang='lat' dir='ltr'><strong>p.</strong></span> <span class='ocrx_word' id='word_1_195' title='bbox 969 1642 1029 1704; x_wconf 92' lang='grc'><strong>212,</strong></span> <span class='ocrx_word' id='word_1_196' title='bbox 1041 1641 1076 1689; x_wconf 96' lang='grc'><strong>23</strong></span> 
     </span>
     <span class='ocr_line' id='line_1_20' title="bbox 63 1714 1077 1787; baseline -0.006 -13"><span class='ocrx_word' id='word_1_197' title='bbox 63 1715 124 1775; x_wconf 77' lang='grc' dir='ltr'><strong><em>ἐστι</em></strong></span> <span class='ocrx_word' id='word_1_198' title='bbox 143 1719 264 1772; x_wconf 76' lang='grc' dir='ltr'><strong><em>δοθεῖσα</em></strong></span> <span class='ocrx_word' id='word_1_199' title='bbox 283 1715 391 1770; x_wconf 85' lang='grc' dir='ltr'><strong>Τ1188111</strong></span> <span class='ocrx_word' id='word_1_200' title='bbox 408 1714 532 1771; x_wconf 90' lang='lat' dir='ltr'><strong>tribuere</strong></span> <span class='ocrx_word' id='word_1_201' title='bbox 548 1716 661 1785; x_wconf 69' lang='lat' dir='ltr'><strong>dubito,</strong></span> <span class='ocrx_word' id='word_1_202' title='bbox 680 1717 728 1771; x_wconf 81' lang='lat' dir='ltr'><strong>cfr.</strong></span> <span class='ocrx_word' id='word_1_203' title='bbox 743 1736 770 1787; x_wconf 93' lang='lat' dir='ltr'><strong>p.</strong></span> <span class='ocrx_word' id='word_1_204' title='bbox 786 1723 847 1785; x_wconf 88' lang='grc'><strong>220,</strong></span> <span class='ocrx_word' id='word_1_205' title='bbox 862 1722 886 1771; x_wconf 87' lang='grc'><strong>4.</strong></span> <span class='ocrx_word' id='word_1_206' title='bbox 914 1717 990 1771; x_wconf 92' lang='lat' dir='ltr'><strong>idem</strong></span> <span class='ocrx_word' id='word_1_207' title='bbox 1004 1715 1077 1769; x_wconf 88' lang='lat' dir='ltr'><strong>illud</strong></span> 
     </span>
     <span class='ocr_line' id='line_1_21' title="bbox 60 1795 1077 1868; baseline -0.007 -13"><span class='ocrx_word' id='word_1_208' title='bbox 60 1801 160 1855; x_wconf 83' lang='lat' dir='ltr'><strong>autem</strong></span> <span class='ocrx_word' id='word_1_209' title='bbox 174 1795 315 1868; x_wconf 89' lang='lat' dir='ltr'><strong>spectauit</strong></span> <span class='ocrx_word' id='word_1_210' title='bbox 332 1815 359 1867; x_wconf 94' lang='lat' dir='ltr'><strong>p.</strong></span> <span class='ocrx_word' id='word_1_211' title='bbox 370 1801 431 1865; x_wconf 87' lang='grc'><strong>134,</strong></span> <span class='ocrx_word' id='word_1_212' title='bbox 442 1801 488 1865; x_wconf 95' lang='grc'><strong>19,</strong></span> <span class='ocrx_word' id='word_1_213' title='bbox 509 1803 569 1865; x_wconf 91' lang='grc'><strong>136,</strong></span> <span class='ocrx_word' id='word_1_214' title='bbox 582 1804 606 1853; x_wconf 89' lang='grc'><strong>2,</strong></span> <span class='ocrx_word' id='word_1_215' title='bbox 634 1800 781 1868; x_wconf 85' lang='lat' dir='ltr'><strong>praeterea</strong></span> <span class='ocrx_word' id='word_1_216' title='bbox 794 1815 820 1852; x_wconf 93' lang='lat' dir='ltr'><strong>u.</strong></span> <span class='ocrx_word' id='word_1_217' title='bbox 836 1817 862 1867; x_wconf 91' lang='lat' dir='ltr'><strong>p.</strong></span> <span class='ocrx_word' id='word_1_218' title='bbox 873 1802 916 1865; x_wconf 90' lang='grc'><strong>68,</strong></span> <span class='ocrx_word' id='word_1_219' title='bbox 929 1803 957 1864; x_wconf 88' lang='grc'><strong>1,</strong></span> <span class='ocrx_word' id='word_1_220' title='bbox 976 1801 1018 1864; x_wconf 88' lang='grc'><strong>86,</strong></span> <span class='ocrx_word' id='word_1_221' title='bbox 1029 1801 1077 1862; x_wconf 91' lang='grc'><strong>20,</strong></span> 
     </span>
     <span class='ocr_line' id='line_1_22' title="bbox 61 1875 1077 1948; baseline -0.006 -13"><span class='ocrx_word' id='word_1_222' title='bbox 61 1883 153 1948; x_wconf 81' lang='grc'><strong>96,1,</strong></span> <span class='ocrx_word' id='word_1_223' title='bbox 190 1879 275 1945; x_wconf 90' lang='lat' dir='ltr'><strong>atque</strong></span> <span class='ocrx_word' id='word_1_224' title='bbox 298 1875 386 1932; x_wconf 88' lang='lat' dir='ltr'><strong>etiam</strong></span> <span class='ocrx_word' id='word_1_225' title='bbox 408 1895 435 1947; x_wconf 93' lang='lat' dir='ltr'><strong>p.</strong></span> <span class='ocrx_word' id='word_1_226' title='bbox 451 1882 498 1947; x_wconf 90' lang='grc'><strong>86,</strong></span> <span class='ocrx_word' id='word_1_227' title='bbox 517 1883 599 1946; x_wconf 87' lang='grc'><strong>2-3,</strong></span> <span class='ocrx_word' id='word_1_228' title='bbox 620 1882 688 1931; x_wconf 87' lang='grc'><strong>5-6</strong></span> <span class='ocrx_word' id='word_1_229' title='bbox 713 1877 780 1931; x_wconf 91' lang='lat' dir='ltr'><strong>ordo</strong></span> <span class='ocrx_word' id='word_1_230' title='bbox 804 1877 830 1931; x_wconf 87' lang='lat' dir='ltr'><strong>ei</strong></span> <span class='ocrx_word' id='word_1_231' title='bbox 850 1876 980 1932; x_wconf 91' lang='lat' dir='ltr'><strong>insolitus</strong></span> <span class='ocrx_word' id='word_1_232' title='bbox 999 1875 1077 1929; x_wconf 90' lang='lat' dir='ltr'><strong>uide-</strong></span> 
     </span>
     <span class='ocr_line' id='line_1_23' title="bbox 61 1955 1077 2028; baseline -0.006 -14"><span class='ocrx_word' id='word_1_233' title='bbox 61 1959 163 2026; x_wconf 83' lang='lat' dir='ltr'><strong>batur;</strong></span> <span class='ocrx_word' id='word_1_234' title='bbox 190 1957 342 2028; x_wconf 85' lang='lat' dir='ltr'><strong>postquam</strong></span> <span class='ocrx_word' id='word_1_235' title='bbox 360 1958 456 2011; x_wconf 84' lang='lat' dir='ltr'><strong>autem</strong></span> <span class='ocrx_word' id='word_1_236' title='bbox 474 1957 595 2011; x_wconf 87' lang='lat' dir='ltr'><strong>eundem</strong></span> <span class='ocrx_word' id='word_1_237' title='bbox 613 1957 740 2012; x_wconf 91' lang='lat' dir='ltr'><strong>ordinem</strong></span> <span class='ocrx_word' id='word_1_238' title='bbox 757 1957 807 2013; x_wconf 91' lang='lat' dir='ltr'><strong>lin.</strong></span> <span class='ocrx_word' id='word_1_239' title='bbox 822 1962 927 2010; x_wconf 85' lang='lat'><strong>21-22</strong></span> <span class='ocrx_word' id='word_1_240' title='bbox 946 1955 1077 2025; x_wconf 89' lang='lat' dir='ltr'><strong>repperit,</strong></span> 
     </span>
     <span class='ocr_line' id='line_1_24' title="bbox 61 2034 1077 2110; baseline -0.005 -17"><span class='ocrx_word' id='word_1_241' title='bbox 61 2036 202 2093; x_wconf 85' lang='lat' dir='ltr'><strong>mutando</strong></span> <span class='ocrx_word' id='word_1_242' title='bbox 225 2035 375 2105; x_wconf 85' lang='lat' dir='ltr'><strong>abstinuit;</strong></span> <span class='ocrx_word' id='word_1_243' title='bbox 402 2038 499 2090; x_wconf 87' lang='lat' dir='ltr'><strong>contra</strong></span> <span class='ocrx_word' id='word_1_244' title='bbox 522 2056 548 2107; x_wconf 92' lang='lat' dir='ltr'><strong>p.</strong></span> <span class='ocrx_word' id='word_1_245' title='bbox 569 2042 615 2106; x_wconf 94' lang='grc'><strong>94,</strong></span> <span class='ocrx_word' id='word_1_246' title='bbox 635 2042 660 2107; x_wconf 91' lang='grc'><strong>8,</strong></span> <span class='ocrx_word' id='word_1_247' title='bbox 684 2043 716 2091; x_wconf 93' lang='grc'><strong>11</strong></span> <span class='ocrx_word' id='word_1_248' title='bbox 740 2043 778 2110; x_wconf 80' lang='grc' dir='ltr'><strong>τῷ</strong></span> <span class='ocrx_word' id='word_1_249' title='bbox 802 2039 872 2092; x_wconf 70' lang='grc' dir='ltr'><strong><em>εἴδει</em></strong></span> <span class='ocrx_word' id='word_1_250' title='bbox 895 2034 1077 2106; x_wconf 86' lang='lat' dir='ltr'><strong>transposuit.</strong></span> 
     </span>
     <span class='ocr_line' id='line_1_25' title="bbox 62 2114 1078 2188; baseline -0.006 -14"><span class='ocrx_word' id='word_1_251' title='bbox 62 2119 121 2174; x_wconf 86' lang='lat' dir='ltr'><strong>huo</strong></span> <span class='ocrx_word' id='word_1_252' title='bbox 139 2115 238 2172; x_wconf 88' lang='lat' dir='ltr'><strong>referri</strong></span> <span class='ocrx_word' id='word_1_253' title='bbox 255 2118 373 2186; x_wconf 92' lang='lat' dir='ltr'><strong>possunt</strong></span> <span class='ocrx_word' id='word_1_254' title='bbox 391 2115 479 2171; x_wconf 90' lang='lat' dir='ltr'><strong>etiam</strong></span> <span class='ocrx_word' id='word_1_255' title='bbox 496 2116 553 2171; x_wconf 90' lang='lat' dir='ltr'><strong>loci</strong></span> <span class='ocrx_word' id='word_1_256' title='bbox 570 2136 596 2188; x_wconf 94' lang='lat' dir='ltr'><strong>p.</strong></span> <span class='ocrx_word' id='word_1_257' title='bbox 613 2124 654 2188; x_wconf 87' lang='grc'><strong>94,</strong></span> <span class='ocrx_word' id='word_1_258' title='bbox 671 2124 718 2186; x_wconf 89' lang='grc'><strong>15,</strong></span> <span class='ocrx_word' id='word_1_259' title='bbox 738 2124 798 2187; x_wconf 88' lang='grc'><strong>202,</strong></span> <span class='ocrx_word' id='word_1_260' title='bbox 813 2123 855 2173; x_wconf 92' lang='grc'><strong>25.</strong></span> <span class='ocrx_word' id='word_1_261' title='bbox 893 2116 979 2185; x_wconf 89' lang='lat' dir='ltr'><strong>adde,</strong></span> <span class='ocrx_word' id='word_1_262' title='bbox 1002 2114 1078 2184; x_wconf 90' lang='lat' dir='ltr'><strong>quod</strong></span> 
     </span>
     <span class='ocr_line' id='line_1_26' title="bbox 62 2194 1078 2269; baseline -0.004 -16"><span class='ocrx_word' id='word_1_263' title='bbox 62 2197 163 2253; x_wconf 81' lang='lat' dir='ltr'><strong>Theon</strong></span> <span class='ocrx_word' id='word_1_264' title='bbox 181 2216 208 2267; x_wconf 89' lang='lat' dir='ltr'><strong>p.</strong></span> <span class='ocrx_word' id='word_1_265' title='bbox 220 2201 279 2265; x_wconf 88' lang='grc'><strong>166,</strong></span> <span class='ocrx_word' id='word_1_266' title='bbox 294 2201 323 2264; x_wconf 88' lang='grc'><strong>8,</strong></span> <span class='ocrx_word' id='word_1_267' title='bbox 344 2200 403 2266; x_wconf 91' lang='grc'><strong>180,</strong></span> <span class='ocrx_word' id='word_1_268' title='bbox 418 2202 448 2264; x_wconf 91' lang='grc'><strong>2,</strong></span> <span class='ocrx_word' id='word_1_269' title='bbox 468 2201 528 2266; x_wconf 89' lang='grc'><strong>186,</strong></span> <span class='ocrx_word' id='word_1_270' title='bbox 544 2202 577 2251; x_wconf 93' lang='grc'><strong>15</strong></span> <span class='ocrx_word' id='word_1_271' title='bbox 595 2215 645 2269; x_wconf 96' lang='lat' dir='ltr'><strong>pro</strong></span> <span class='ocrx_word' id='word_1_272' title='bbox 662 2198 693 2253; x_wconf 82' lang='grc' dir='ltr'><strong>τὸ</strong></span> <span class='ocrx_word' id='word_1_273' title='bbox 708 2197 797 2255; x_wconf 75' lang='grc' dir='ltr'><strong><em>δοθέν</em></strong></span> <span class='ocrx_word' id='word_1_274' title='bbox 813 2231 847 2239; x_wconf 90' lang='lat'><strong>-—</strong></span> <span class='ocrx_word' id='word_1_275' title='bbox 862 2196 975 2267; x_wconf 88' lang='lat' dir='ltr'><strong>scripsit</strong></span> <span class='ocrx_word' id='word_1_276' title='bbox 988 2194 1078 2250; x_wconf 76' lang='grc' dir='ltr'><strong><em>δοθὲν</em></strong></span> 
     </span>
     <span class='ocr_line' id='line_1_27' title="bbox 62 2276 1079 2349; baseline -0.004 -15"><span class='ocrx_word' id='word_1_277' title='bbox 62 2277 96 2334; x_wconf 79' lang='grc' dir='ltr'><strong>τό</strong></span> <span class='ocrx_word' id='word_1_278' title='bbox 115 2308 159 2333; x_wconf 90' lang='grc'><strong>-.</strong></span> <span class='ocrx_word' id='word_1_279' title='bbox 196 2281 286 2347; x_wconf 76' lang='grc'><strong>,1.72,</strong></span> <span class='ocrx_word' id='word_1_280' title='bbox 306 2282 338 2330; x_wconf 94' lang='grc'><strong>15</strong></span> <span class='ocrx_word' id='word_1_281' title='bbox 363 2276 399 2331; x_wconf 87' lang='grc'><strong>81)</strong></span> <span class='ocrx_word' id='word_1_282' title='bbox 424 2277 523 2332; x_wconf 90' lang='lat' dir='ltr'><strong>eodem</strong></span> <span class='ocrx_word' id='word_1_283' title='bbox 545 2280 698 2333; x_wconf 80' lang='lat' dir='ltr'><strong>statuerem</strong></span> <span class='ocrx_word' id='word_1_284' title='bbox 722 2279 848 2333; x_wconf 89' lang='lat' dir='ltr'><strong>ordinem</strong></span> <span class='ocrx_word' id='word_1_285' title='bbox 871 2279 974 2349; x_wconf 78' lang='grc' dir='ltr'><em>σημείῳ</em></span> <span class='ocrx_word' id='word_1_286' title='bbox 997 2278 1079 2332; x_wconf 83' lang='grc' dir='ltr'><strong><em>δεδο-</em></strong></span> 
     </span>
     <span class='ocr_line' id='line_1_28' title="bbox 63 2355 1079 2430; baseline -0.004 -17"><span class='ocrx_word' id='word_1_287' title='bbox 63 2355 149 2430; x_wconf 74' lang='grc' dir='ltr'><strong>μένῳ,</strong></span> <span class='ocrx_word' id='word_1_288' title='bbox 169 2357 218 2426; x_wconf 91' lang='lat' dir='ltr'><strong>qui</strong></span> <span class='ocrx_word' id='word_1_289' title='bbox 232 2355 346 2426; x_wconf 90' lang='lat' dir='ltr'><strong>quidem</strong></span> <span class='ocrx_word' id='word_1_290' title='bbox 360 2356 390 2411; x_wconf 90' lang='lat' dir='ltr'><strong>in</strong></span> <span class='ocrx_word' id='word_1_291' title='bbox 403 2355 596 2427; x_wconf 86' lang='lat' dir='ltr'><strong>propositione</strong></span> <span class='ocrx_word' id='word_1_292' title='bbox 609 2359 760 2428; x_wconf 85' lang='lat' dir='ltr'><strong>adsumpta</strong></span> <span class='ocrx_word' id='word_1_293' title='bbox 773 2357 934 2412; x_wconf 88' lang='lat' dir='ltr'><strong>inueniatur</strong></span> <span class='ocrx_word' id='word_1_294' title='bbox 947 2359 984 2427; x_wconf 90' lang='lat' dir='ltr'><strong>(u.</strong></span> <span class='ocrx_word' id='word_1_295' title='bbox 997 2376 1023 2427; x_wconf 92' lang='lat' dir='ltr'><strong>p.</strong></span> <span class='ocrx_word' id='word_1_296' title='bbox 1035 2361 1079 2425; x_wconf 90' lang='grc'><strong>50,</strong></span> 
     </span>
     <span class='ocr_line' id='line_1_29' title="bbox 66 2437 1081 2510; baseline -0.003 -17"><span class='ocrx_word' id='word_1_297' title='bbox 66 2445 111 2510; x_wconf 91' lang='grc'><strong>12,</strong></span> <span class='ocrx_word' id='word_1_298' title='bbox 123 2443 156 2492; x_wconf 91' lang='grc'><strong>15</strong></span> <span class='ocrx_word' id='word_1_299' title='bbox 175 2440 362 2508; x_wconf 59' lang='grc'><strong>81115419),</strong></span> <span class='ocrx_word' id='word_1_300' title='bbox 380 2437 543 2492; x_wconf 84' lang='lat' dir='ltr'><strong>restitutum</strong></span> <span class='ocrx_word' id='word_1_301' title='bbox 556 2454 625 2506; x_wconf 82' lang='lat' dir='ltr'><strong>esee,</strong></span> <span class='ocrx_word' id='word_1_302' title='bbox 643 2438 699 2493; x_wconf 92' lang='lat' dir='ltr'><strong>nisi</strong></span> <span class='ocrx_word' id='word_1_303' title='bbox 717 2457 744 2508; x_wconf 93' lang='lat' dir='ltr'><strong>p.</strong></span> <span class='ocrx_word' id='word_1_304' title='bbox 756 2443 841 2507; x_wconf 90' lang='grc'><strong>70,15</strong></span> <span class='ocrx_word' id='word_1_305' title='bbox 860 2437 890 2491; x_wconf 89' lang='lat' dir='ltr'><strong>in</strong></span> <span class='ocrx_word' id='word_1_306' title='bbox 902 2438 921 2491; x_wconf 97' lang='lat' dir='ltr'><strong>b</strong></span> <span class='ocrx_word' id='word_1_307' title='bbox 940 2437 1081 2509; x_wconf 83' lang='lat' dir='ltr'><strong>legeretur</strong></span> 
     </span>
     <span class='ocr_line' id='line_1_30' title="bbox 64 2515 1080 2591; baseline -0.004 -18"><span class='ocrx_word' id='word_1_308' title='bbox 64 2515 211 2591; x_wconf 78' lang='grc' dir='ltr'><strong><em>δεδομένῳ</em></strong></span> <span class='ocrx_word' id='word_1_309' title='bbox 231 2519 341 2591; x_wconf 79' lang='grc' dir='ltr'><em>σημείῳ.</em></span> <span class='ocrx_word' id='word_1_310' title='bbox 379 2517 499 2587; x_wconf 89' lang='lat' dir='ltr'><strong>denique</strong></span> <span class='ocrx_word' id='word_1_311' title='bbox 518 2537 545 2588; x_wconf 95' lang='lat' dir='ltr'><strong>p.</strong></span> <span class='ocrx_word' id='word_1_312' title='bbox 562 2523 621 2587; x_wconf 91' lang='grc'><strong>178,</strong></span> <span class='ocrx_word' id='word_1_313' title='bbox 638 2523 653 2570; x_wconf 94' lang='grc'><strong>2</strong></span> <span class='ocrx_word' id='word_1_314' title='bbox 680 2519 789 2573; x_wconf 88' lang='lat' dir='ltr'><strong>adferre</strong></span> <span class='ocrx_word' id='word_1_315' title='bbox 806 2518 890 2588; x_wconf 88' lang='lat' dir='ltr'><strong>libet,</strong></span> <span class='ocrx_word' id='word_1_316' title='bbox 914 2517 964 2572; x_wconf 91' lang='lat' dir='ltr'><strong>ubi</strong></span> <span class='ocrx_word' id='word_1_317' title='bbox 982 2517 1080 2571; x_wconf 81' lang='lat' dir='ltr'><strong>Theon</strong></span> 
     </span>
     <span class='ocr_line' id='line_1_31' title="bbox 64 2596 655 2670; baseline 0.002 -18"><span class='ocrx_word' id='word_1_318' title='bbox 64 2598 124 2670; x_wconf 70' lang='lat' dir='ltr'><strong>dua</strong></span> <span class='ocrx_word' id='word_1_319' title='bbox 142 2596 297 2653; x_wconf 88' lang='lat' dir='ltr'><strong>insolenter</strong></span> <span class='ocrx_word' id='word_1_320' title='bbox 315 2597 483 2653; x_wconf 89' lang='lat' dir='ltr'><strong>collocatum</strong></span> <span class='ocrx_word' id='word_1_321' title='bbox 500 2596 619 2652; x_wconf 86' lang='lat' dir='ltr'><strong>retraxit</strong></span> <span class='ocrx_word' id='word_1_322' title='bbox 626 2597 655 2668; x_wconf 73' lang='grc' dir='ltr'><strong>Ι).</strong></span> 
     </span>
    </p>

    <p class='ocr_par' dir='ltr' id='par_1_3' title="bbox 63 2676 1081 2989">
     <span class='ocr_line' id='line_1_32' title="bbox 138 2676 1080 2748; baseline -0.001 -17"><span class='ocrx_word' id='word_1_323' title='bbox 138 2677 200 2731; x_wconf 94' lang='lat' dir='ltr'><strong>Iam</strong></span> <span class='ocrx_word' id='word_1_324' title='bbox 218 2693 285 2732; x_wconf 92' lang='lat' dir='ltr'><strong>uero</strong></span> <span class='ocrx_word' id='word_1_325' title='bbox 302 2676 399 2731; x_wconf 83' lang='lat' dir='ltr'><strong>Tbeon</strong></span> <span class='ocrx_word' id='word_1_326' title='bbox 418 2677 473 2732; x_wconf 89' lang='lat' dir='ltr'><strong>sibi</strong></span> <span class='ocrx_word' id='word_1_327' title='bbox 489 2679 647 2747; x_wconf 90' lang='lat' dir='ltr'><strong>temperare</strong></span> <span class='ocrx_word' id='word_1_328' title='bbox 665 2695 722 2731; x_wconf 92' lang='lat' dir='ltr'><strong>non</strong></span> <span class='ocrx_word' id='word_1_329' title='bbox 739 2677 841 2748; x_wconf 83' lang='lat' dir='ltr'><strong>potuit,</strong></span> <span class='ocrx_word' id='word_1_330' title='bbox 859 2677 927 2748; x_wconf 89' lang='lat' dir='ltr'><strong>quin</strong></span> <span class='ocrx_word' id='word_1_331' title='bbox 946 2694 988 2747; x_wconf 93' lang='lat' dir='ltr'><strong>ea,</strong></span> <span class='ocrx_word' id='word_1_332' title='bbox 1007 2692 1080 2746; x_wconf 88' lang='lat' dir='ltr'><strong>quae</strong></span> 
     </span>
     <span class='ocr_line' id='line_1_33' title="bbox 65 2756 1081 2828; baseline -0.006 -14"><span class='ocrx_word' id='word_1_333' title='bbox 65 2760 104 2814; x_wconf 87' lang='lat' dir='ltr'><strong>ab</strong></span> <span class='ocrx_word' id='word_1_334' title='bbox 119 2757 238 2812; x_wconf 85' lang='lat' dir='ltr'><strong>Euclide</strong></span> <span class='ocrx_word' id='word_1_335' title='bbox 256 2774 356 2828; x_wconf 91' lang='lat' dir='ltr'><strong>parum</strong></span> <span class='ocrx_word' id='word_1_336' title='bbox 374 2759 448 2812; x_wconf 87' lang='lat' dir='ltr'><strong>recte</strong></span> <span class='ocrx_word' id='word_1_337' title='bbox 468 2756 573 2810; x_wconf 89' lang='lat' dir='ltr'><strong>omissa</strong></span> <span class='ocrx_word' id='word_1_338' title='bbox 587 2772 647 2812; x_wconf 89' lang='lat' dir='ltr'><strong>esse</strong></span> <span class='ocrx_word' id='word_1_339' title='bbox 662 2758 844 2827; x_wconf 88' lang='lat' dir='ltr'><strong>existimaret,</strong></span> <span class='ocrx_word' id='word_1_340' title='bbox 864 2758 981 2812; x_wconf 81' lang='lat' dir='ltr'><strong>adderet</strong></span> <span class='ocrx_word' id='word_1_341' title='bbox 994 2761 1081 2825; x_wconf 84' lang='lat' dir='ltr'><strong>atque</strong></span> 
     </span>
     <span class='ocr_line' id='line_1_34' title="bbox 63 2834 1081 2906; baseline -0.009 -12"><span class='ocrx_word' id='word_1_342' title='bbox 63 2838 129 2894; x_wconf 83' lang='lat' dir='ltr'><strong>eiua</strong></span> <span class='ocrx_word' id='word_1_343' title='bbox 142 2836 389 2892; x_wconf 74' lang='lat' dir='ltr'><strong>ratiocinationem</strong></span> <span class='ocrx_word' id='word_1_344' title='bbox 404 2836 441 2891; x_wconf 90' lang='lat' dir='ltr'><strong>ad</strong></span> <span class='ocrx_word' id='word_1_345' title='bbox 453 2837 589 2891; x_wconf 89' lang='lat' dir='ltr'><strong>maiorem</strong></span> <span class='ocrx_word' id='word_1_346' title='bbox 603 2835 792 2890; x_wconf 85' lang='lat' dir='ltr'><strong>subtilitatem</strong></span> <span class='ocrx_word' id='word_1_347' title='bbox 808 2839 837 2891; x_wconf 91' lang='lat' dir='ltr'><strong>et</strong></span> <span class='ocrx_word' id='word_1_348' title='bbox 850 2834 1081 2906; x_wconf 86' lang='lat' dir='ltr'><strong>perspicuitatem</strong></span> 
     </span>
     <span class='ocr_line' id='line_1_35' title="bbox 63 2915 215 2989; baseline -0.013 -15"><span class='ocrx_word' id='word_1_349' title='bbox 63 2915 215 2989; x_wconf 83' lang='lat' dir='ltr'><strong>expoliret.</strong></span> 
     </span>
    </p>

    <p class='ocr_par' dir='ltr' id='par_1_4' title="bbox 66 2994 1082 3146">
     <span class='ocr_line' id='line_1_36' title="bbox 140 2994 1081 3067; baseline -0.006 -16"><span class='ocrx_word' id='word_1_350' title='bbox 140 2995 194 3052; x_wconf 92' lang='lat' dir='ltr'><strong>etsi</strong></span> <span class='ocrx_word' id='word_1_351' title='bbox 218 3012 235 3049; x_wconf 90' lang='lat' dir='ltr'><strong>a</strong></span> <span class='ocrx_word' id='word_1_352' title='bbox 256 2995 325 3049; x_wconf 93' lang='lat' dir='ltr'><strong>totis</strong></span> <span class='ocrx_word' id='word_1_353' title='bbox 343 2995 581 3066; x_wconf 89' lang='lat' dir='ltr'><strong>propositionibus</strong></span> <span class='ocrx_word' id='word_1_354' title='bbox 604 2995 809 3067; x_wconf 88' lang='lat' dir='ltr'><strong>interpolandis</strong></span> <span class='ocrx_word' id='word_1_355' title='bbox 833 2994 972 3049; x_wconf 89' lang='lat' dir='ltr'><strong>abstinuit</strong></span> <span class='ocrx_word' id='word_1_356' title='bbox 990 3008 1081 3060; x_wconf 89' lang='lat' dir='ltr'><strong>neque</strong></span> 
     </span>
     <span class='ocr_line' id='line_1_37' title="bbox 66 3072 1082 3146; baseline -0.007 -14"><span class='ocrx_word' id='word_1_357' title='bbox 66 3075 323 3132; x_wconf 87' lang='lat' dir='ltr'><strong>demonstrationes</strong></span> <span class='ocrx_word' id='word_1_358' title='bbox 342 3074 447 3130; x_wconf 89' lang='lat' dir='ltr'><strong>alteras</strong></span> <span class='ocrx_word' id='word_1_359' title='bbox 466 3076 590 3146; x_wconf 89' lang='lat' dir='ltr'><strong>addidit,</strong></span> <span class='ocrx_word' id='word_1_360' title='bbox 614 3079 711 3132; x_wconf 89' lang='lat' dir='ltr'><strong>tamen</strong></span> <span class='ocrx_word' id='word_1_361' title='bbox 730 3077 955 3146; x_wconf 89' lang='lat' dir='ltr'><strong>supplementum</strong></span> <span class='ocrx_word' id='word_1_362' title='bbox 978 3074 1014 3126; x_wconf 88' lang='lat' dir='ltr'><strong>ad</strong></span> <span class='ocrx_word' id='word_1_363' title='bbox 1034 3072 1082 3126; x_wconf 92' lang='lat' dir='ltr'><strong>de-</strong></span> 
     </span>
    </p>
   </div>
   <div class='ocr_carea' id='block_1_3' title="bbox 64 3258 1082 3532">
    <p class='ocr_par' dir='ltr' id='par_1_5' title="bbox 64 3258 1082 3532">
     <span class='ocr_line' id='line_1_38' title="bbox 142 3258 1081 3334; baseline -0.004 -18"><span class='ocrx_word' id='word_1_364' title='bbox 142 3265 169 3334; x_wconf 89' lang='lat'><strong>1)</strong></span> <span class='ocrx_word' id='word_1_365' title='bbox 187 3263 308 3318; x_wconf 89' lang='lat' dir='ltr'><strong>Librarii</strong></span> <span class='ocrx_word' id='word_1_366' title='bbox 327 3281 413 3332; x_wconf 88' lang='lat' dir='ltr'><strong>quam</strong></span> <span class='ocrx_word' id='word_1_367' title='bbox 430 3263 568 3334; x_wconf 90' lang='lat' dir='ltr'><strong>procliues</strong></span> <span class='ocrx_word' id='word_1_368' title='bbox 587 3265 692 3319; x_wconf 85' lang='lat' dir='ltr'><strong>fuerint</strong></span> <span class='ocrx_word' id='word_1_369' title='bbox 711 3263 748 3318; x_wconf 85' lang='lat' dir='ltr'><strong>ad</strong></span> <span class='ocrx_word' id='word_1_370' title='bbox 766 3281 796 3316; x_wconf 81' lang='grc' dir='ltr'><strong>τε</strong></span> <span class='ocrx_word' id='word_1_371' title='bbox 814 3261 844 3315; x_wconf 94' lang='lat' dir='ltr'><strong>in</strong></span> <span class='ocrx_word' id='word_1_372' title='bbox 857 3260 902 3314; x_wconf 92' lang='lat' dir='ltr'><strong>his</strong></span> <span class='ocrx_word' id='word_1_373' title='bbox 919 3258 1013 3314; x_wconf 87' lang='lat' dir='ltr'><strong>uerbis</strong></span> <span class='ocrx_word' id='word_1_374' title='bbox 1026 3258 1081 3312; x_wconf 87' lang='lat' dir='ltr'><strong>&#39;ad-</strong></span> 
     </span>
     <span class='ocr_line' id='line_1_39' title="bbox 66 3334 762 3404; baseline -0.003 -14"><span class='ocrx_word' id='word_1_375' title='bbox 66 3335 206 3402; x_wconf 87' lang='lat' dir='ltr'><strong>dendum,</strong></span> <span class='ocrx_word' id='word_1_376' title='bbox 226 3334 328 3388; x_wconf 89' lang='lat' dir='ltr'><strong>docent</strong></span> <span class='ocrx_word' id='word_1_377' title='bbox 345 3334 402 3389; x_wconf 90' lang='lat' dir='ltr'><strong>loci</strong></span> <span class='ocrx_word' id='word_1_378' title='bbox 419 3353 446 3404; x_wconf 87' lang='lat' dir='ltr'><strong>p.</strong></span> <span class='ocrx_word' id='word_1_379' title='bbox 462 3341 504 3403; x_wconf 94' lang='grc'><strong>90,</strong></span> <span class='ocrx_word' id='word_1_380' title='bbox 520 3342 562 3404; x_wconf 90' lang='grc'><strong>20,</strong></span> <span class='ocrx_word' id='word_1_381' title='bbox 578 3342 625 3403; x_wconf 87' lang='grc'><strong>24,</strong></span> <span class='ocrx_word' id='word_1_382' title='bbox 646 3341 762 3403; x_wconf 87' lang='lat'><strong>114,10.</strong></span> 
     </span>
     <span class='ocr_line' id='line_1_40' title="bbox 64 3401 1082 3532; baseline -0.004 -73"><span class='ocrx_word' id='word_1_383' title='bbox 64 3404 332 3532; x_wconf 41' lang='grc' dir='ltr'><strong>1181112,,,ῘΙΙΞΞΕ1ΞἙ181118</strong></span> <span class='ocrx_word' id='word_1_384' title='bbox 352 3404 457 3465; x_wconf 84' lang='lat' dir='ltr'><strong>codicis</strong></span> <span class='ocrx_word' id='word_1_385' title='bbox 475 3406 496 3458; x_wconf 89' lang='lat' dir='ltr'>P</span> <span class='ocrx_word' id='word_1_386' title='bbox 520 3406 576 3475; x_wconf 78' lang='grc' dir='ltr'><strong>ἄρα</strong></span> <span class='ocrx_word' id='word_1_387' title='bbox 598 3409 712 3476; x_wconf 87' lang='lat' dir='ltr'><strong>propter</strong></span> <span class='ocrx_word' id='word_1_388' title='bbox 731 3404 903 3476; x_wconf 82' lang='lat' dir='ltr'><strong>singularem</strong></span> <span class='ocrx_word' id='word_1_389' title='bbox 921 3401 1082 3458; x_wconf 87' lang='lat' dir='ltr'><strong>collocatio-</strong></span> 
     </span>
    </p>
   </div>
   <div class='ocr_carea' id='block_1_4' title="bbox 0 0 1216 3840">
    <p class='ocr_par' dir='ltr' id='par_1_6' title="bbox 0 0 1216 3840">
     <span class='ocr_line' id='line_1_41' title="bbox 0 0 1216 3840; baseline 0 0"><span class='ocrx_word' id='word_1_390' title='bbox 0 0 1216 3840; x_wconf 95' lang='lat' dir='ltr'><strong> </strong></span> 
     </span>
    </p>
   </div>
  </div>
 </body>
</html>
