<?xml version="1.0" encoding="UTF-8"?>
<!DOCTYPE html PUBLIC "-//W3C//DTD XHTML 1.0 Transitional//EN"
    "http://www.w3.org/TR/xhtml1/DTD/xhtml1-transitional.dtd">
<html xmlns="http://www.w3.org/1999/xhtml" xml:lang="en" lang="en">
 <head>
  <title>
</title>
<meta http-equiv="Content-Type" content="text/html;charset=utf-8" />
  <meta name='ocr-system' content='tesseract 3.04.00' />
  <meta name='ocr-capabilities' content='ocr_page ocr_carea ocr_par ocr_line ocrx_word'/>
</head>
<body>
  <div class='ocr_page' id='page_1' title='image "./euclidisoperaom05unkngoog_0329.png"; bbox 0 0 2400 3840; ppageno 0'>
   <div class='ocr_carea' id='block_1_1' title="bbox 410 176 1094 241">
    <p class='ocr_par' dir='ltr' id='par_1_1' title="bbox 410 176 1094 241">
     <span class='ocr_line' id='line_1_1' title="bbox 410 176 1094 241; baseline 0.019 -13"><span class='ocrx_word' id='word_1_1' title='bbox 410 179 449 229; x_wconf 84' lang='grc'><strong>111</strong></span> <span class='ocrx_word' id='word_1_2' title='bbox 467 179 637 230; x_wconf 81' lang='lat' dir='ltr'><strong>nucmnrs</strong></span> <span class='ocrx_word' id='word_1_3' title='bbox 654 179 760 234; x_wconf 75' lang='lat' dir='ltr'><strong>nuru.</strong></span> <span class='ocrx_word' id='word_1_4' title='bbox 1028 176 1094 241; x_wconf 78' lang='lat'><strong>255</strong></span> 
     </span>
    </p>
   </div>
   <div class='ocr_carea' id='block_1_2' title="bbox 78 318 1094 1889">
    <p class='ocr_par' dir='ltr' id='par_1_2' title="bbox 78 318 1094 1889">
     <span class='ocr_line' id='line_1_2' title="bbox 80 318 1093 407; baseline 0.004 -25"><span class='ocrx_word' id='word_1_5' title='bbox 80 318 396 384; x_wconf 89' lang='lat' dir='ltr'><strong>demonstrationum</strong></span> <span class='ocrx_word' id='word_1_6' title='bbox 416 318 572 384; x_wconf 84' lang='lat' dir='ltr'>similium</span> <span class='ocrx_word' id='word_1_7' title='bbox 589 319 684 385; x_wconf 91' lang='lat' dir='ltr'><strong>nobis</strong></span> <span class='ocrx_word' id='word_1_8' title='bbox 703 321 817 407; x_wconf 88' lang='lat' dir='ltr'><strong>prosit,</strong></span> <span class='ocrx_word' id='word_1_9' title='bbox 837 321 1004 405; x_wconf 90' lang='lat' dir='ltr'><strong>maiusque</strong></span> <span class='ocrx_word' id='word_1_10' title='bbox 1023 343 1093 386; x_wconf 91' lang='lat' dir='ltr'><strong>esse</strong></span> 
     </span>
     <span class='ocr_line' id='line_1_3' title="bbox 79 424 1094 512; baseline 0.002 -24"><span class='ocrx_word' id='word_1_11' title='bbox 79 424 270 489; x_wconf 76' lang='lat' dir='ltr'><strong>facultatem</strong></span> <span class='ocrx_word' id='word_1_12' title='bbox 293 425 478 490; x_wconf 89' lang='lat' dir='ltr'><strong>resoluendi</strong></span> <span class='ocrx_word' id='word_1_13' title='bbox 501 425 666 509; x_wconf 81' lang='lat' dir='ltr'>acquirere</span> <span class='ocrx_word' id='word_1_14' title='bbox 697 450 795 512; x_wconf 89' lang='lat' dir='ltr'><strong>quam</strong></span> <span class='ocrx_word' id='word_1_15' title='bbox 817 428 937 492; x_wconf 90' lang='lat' dir='ltr'><strong>multas</strong></span> <span class='ocrx_word' id='word_1_16' title='bbox 961 428 1094 491; x_wconf 90' lang='lat' dir='ltr'><strong>demon-</strong></span> 
     </span>
     <span class='ocr_line' id='line_1_4' title="bbox 81 530 963 615; baseline 0.003 -21"><span class='ocrx_word' id='word_1_17' title='bbox 81 530 257 594; x_wconf 89' lang='lat' dir='ltr'><strong>strationes</strong></span> <span class='ocrx_word' id='word_1_18' title='bbox 278 530 542 615; x_wconf 67' lang='lat' dir='ltr'><strong>propositionum</strong></span> <span class='ocrx_word' id='word_1_19' title='bbox 564 531 811 615; x_wconf 77' lang='lat' dir='ltr'><strong>particularium</strong></span> <span class='ocrx_word' id='word_1_20' title='bbox 834 533 963 597; x_wconf 89' lang='lat' dir='ltr'><strong>habere.</strong></span> 
     </span>
     <span class='ocr_line' id='line_1_5' title="bbox 146 635 1093 721; baseline 0.002 -21"><span class='ocrx_word' id='word_1_21' title='bbox 146 635 258 720; x_wconf 92' lang='lat' dir='ltr'><strong>itaque</strong></span> <span class='ocrx_word' id='word_1_22' title='bbox 291 658 364 701; x_wconf 91' lang='lat' dir='ltr'><strong>cum</strong></span> <span class='ocrx_word' id='word_1_23' title='bbox 397 636 576 721; x_wconf 87' lang='lat' dir='ltr'><strong>disputatio</strong></span> <span class='ocrx_word' id='word_1_24' title='bbox 608 637 647 702; x_wconf 92' lang='lat' dir='ltr'><strong>de</strong></span> <span class='ocrx_word' id='word_1_25' title='bbox 679 638 769 704; x_wconf 91' lang='lat' dir='ltr'><strong>dato</strong></span> <span class='ocrx_word' id='word_1_26' title='bbox 806 639 847 703; x_wconf 89' lang='lat' dir='ltr'><strong>ad</strong></span> <span class='ocrx_word' id='word_1_27' title='bbox 880 660 990 703; x_wconf 91' lang='lat' dir='ltr'><strong>omnes</strong></span> <span class='ocrx_word' id='word_1_28' title='bbox 1024 637 1093 702; x_wconf 90' lang='lat' dir='ltr'><strong>eius</strong></span> 
     </span>
     <span class='ocr_line' id='line_1_6' title="bbox 80 741 1093 827; baseline 0.003 -22"><span class='ocrx_word' id='word_1_29' title='bbox 80 741 208 827; x_wconf 86' lang='lat' dir='ltr'><strong>generis</strong></span> <span class='ocrx_word' id='word_1_30' title='bbox 237 741 423 826; x_wconf 85' lang='lat' dir='ltr'><strong>disciplinas</strong></span> <span class='ocrx_word' id='word_1_31' title='bbox 451 741 543 808; x_wconf 90' lang='lat' dir='ltr'><strong>utilis</strong></span> <span class='ocrx_word' id='word_1_32' title='bbox 576 741 620 807; x_wconf 91' lang='lat' dir='ltr'><strong>sit</strong></span> <span class='ocrx_word' id='word_1_33' title='bbox 652 748 685 809; x_wconf 91' lang='lat' dir='ltr'><strong>ct</strong></span> <span class='ocrx_word' id='word_1_34' title='bbox 712 744 851 809; x_wconf 93' lang='lat' dir='ltr'><strong>multum</strong></span> <span class='ocrx_word' id='word_1_35' title='bbox 880 743 1024 810; x_wconf 88' lang='lat' dir='ltr'><strong>conferat</strong></span> <span class='ocrx_word' id='word_1_36' title='bbox 1052 744 1093 808; x_wconf 91' lang='lat' dir='ltr'><strong>ad</strong></span> 
     </span>
     <span class='ocr_line' id='line_1_7' title="bbox 81 847 1094 934; baseline 0.002 -22"><span class='ocrx_word' id='word_1_37' title='bbox 81 847 239 934; x_wconf 82' lang='lat' dir='ltr'><strong>analysin,</strong></span> <span class='ocrx_word' id='word_1_38' title='bbox 261 847 378 913; x_wconf 91' lang='lat' dir='ltr'><strong>merito</strong></span> <span class='ocrx_word' id='word_1_39' title='bbox 402 847 529 914; x_wconf 89' lang='lat' dir='ltr'><strong>dicatur</strong></span> <span class='ocrx_word' id='word_1_40' title='bbox 551 848 664 913; x_wconf 86' lang='lat' dir='ltr'><strong>referri</strong></span> <span class='ocrx_word' id='word_1_41' title='bbox 686 871 752 914; x_wconf 89' lang='lat' dir='ltr'><strong>non</strong></span> <span class='ocrx_word' id='word_1_42' title='bbox 777 851 816 913; x_wconf 90' lang='lat' dir='ltr'><strong>ad</strong></span> <span class='ocrx_word' id='word_1_43' title='bbox 835 871 934 914; x_wconf 90' lang='lat' dir='ltr'><strong>unam</strong></span> <span class='ocrx_word' id='word_1_44' title='bbox 952 850 1094 934; x_wconf 87' lang='lat' dir='ltr'><strong>discipli-</strong></span> 
     </span>
     <span class='ocr_line' id='line_1_8' title="bbox 79 954 1092 1040; baseline 0.001 -22"><span class='ocrx_word' id='word_1_45' title='bbox 79 975 169 1040; x_wconf 91' lang='lat' dir='ltr'><strong>nam,</strong></span> <span class='ocrx_word' id='word_1_46' title='bbox 193 955 248 1019; x_wconf 92' lang='lat' dir='ltr'><strong>sed</strong></span> <span class='ocrx_word' id='word_1_47' title='bbox 271 955 312 1019; x_wconf 90' lang='lat' dir='ltr'><strong>ad</strong></span> <span class='ocrx_word' id='word_1_48' title='bbox 334 954 534 1039; x_wconf 89' lang='lat' dir='ltr'><strong>uniuersam,</strong></span> <span class='ocrx_word' id='word_1_49' title='bbox 562 976 660 1038; x_wconf 91' lang='lat' dir='ltr'><strong>quam</strong></span> <span class='ocrx_word' id='word_1_50' title='bbox 683 954 808 1039; x_wconf 89' lang='lat' dir='ltr'><strong>dicunt,</strong></span> <span class='ocrx_word' id='word_1_51' title='bbox 831 956 1092 1021; x_wconf 87' lang='lat' dir='ltr'><strong>mathematieen.</strong></span> 
     </span>
     <span class='ocr_line' id='line_1_9' title="bbox 79 1060 1092 1147; baseline 0.001 -23"><span class='ocrx_word' id='word_1_52' title='bbox 79 1060 160 1126; x_wconf 87' lang='lat' dir='ltr'><strong>haec</strong></span> <span class='ocrx_word' id='word_1_53' title='bbox 184 1065 294 1126; x_wconf 88' lang='lat' dir='ltr'><strong>autem</strong></span> <span class='ocrx_word' id='word_1_54' title='bbox 317 1065 368 1126; x_wconf 92' lang='lat' dir='ltr'><strong>est</strong></span> <span class='ocrx_word' id='word_1_55' title='bbox 391 1083 428 1125; x_wconf 89' lang='lat' dir='ltr'><strong>ea</strong></span> <span class='ocrx_word' id='word_1_56' title='bbox 452 1061 633 1147; x_wconf 81' lang='lat' dir='ltr'><strong>disciplina,</strong></span> <span class='ocrx_word' id='word_1_57' title='bbox 655 1082 736 1145; x_wconf 88' lang='lat' dir='ltr'><strong>quae</strong></span> <span class='ocrx_word' id='word_1_58' title='bbox 760 1061 847 1127; x_wconf 88' lang='lat' dir='ltr'><strong>cirea</strong></span> <span class='ocrx_word' id='word_1_59' title='bbox 864 1061 1092 1126; x_wconf 83' lang='lat' dir='ltr'><strong>multitudines</strong></span> 
     </span>
     <span class='ocr_line' id='line_1_10' title="bbox 81 1167 1092 1252; baseline 0.004 -22"><span class='ocrx_word' id='word_1_60' title='bbox 81 1171 132 1231; x_wconf 90' lang='lat' dir='ltr'><strong>est</strong></span> <span class='ocrx_word' id='word_1_61' title='bbox 155 1171 188 1231; x_wconf 93' lang='lat' dir='ltr'><strong>et</strong></span> <span class='ocrx_word' id='word_1_62' title='bbox 206 1167 447 1252; x_wconf 79' lang='lat' dir='ltr'><strong>magnitudines</strong></span> <span class='ocrx_word' id='word_1_63' title='bbox 471 1171 504 1232; x_wconf 94' lang='lat' dir='ltr'><strong>et</strong></span> <span class='ocrx_word' id='word_1_64' title='bbox 522 1171 670 1252; x_wconf 90' lang='lat' dir='ltr'><strong>tempora</strong></span> <span class='ocrx_word' id='word_1_65' title='bbox 689 1173 722 1233; x_wconf 96' lang='lat' dir='ltr'><strong>et</strong></span> <span class='ocrx_word' id='word_1_66' title='bbox 741 1168 923 1234; x_wconf 84' lang='lat' dir='ltr'><strong>celeritates</strong></span> <span class='ocrx_word' id='word_1_67' title='bbox 946 1173 979 1233; x_wconf 94' lang='lat' dir='ltr'><strong>et</strong></span> <span class='ocrx_word' id='word_1_68' title='bbox 998 1189 1092 1252; x_wconf 89' lang='lat' dir='ltr'><strong>quae·</strong></span> 
     </span>
     <span class='ocr_line' id='line_1_11' title="bbox 80 1273 1093 1361; baseline 0.003 -24"><span class='ocrx_word' id='word_1_69' title='bbox 80 1294 217 1356; x_wconf 89' lang='lat' dir='ltr'><strong>cumque</strong></span> <span class='ocrx_word' id='word_1_70' title='bbox 248 1277 325 1337; x_wconf 92' lang='lat' dir='ltr'><strong>sunt</strong></span> <span class='ocrx_word' id='word_1_71' title='bbox 353 1273 422 1337; x_wconf 92' lang='lat' dir='ltr'><strong>eius</strong></span> <span class='ocrx_word' id='word_1_72' title='bbox 451 1273 592 1360; x_wconf 86' lang='lat' dir='ltr'><strong>generis,</strong></span> <span class='ocrx_word' id='word_1_73' title='bbox 621 1275 891 1360; x_wconf 89' lang='lat' dir='ltr'><strong>quemadmodum</strong></span> <span class='ocrx_word' id='word_1_74' title='bbox 919 1275 1019 1339; x_wconf 89' lang='lat' dir='ltr'><strong>etiam</strong></span> <span class='ocrx_word' id='word_1_75' title='bbox 1046 1297 1093 1361; x_wconf 90' lang='lat' dir='ltr'><strong>ea,</strong></span> 
     </span>
     <span class='ocr_line' id='line_1_12' title="bbox 81 1378 1091 1466; baseline 0.003 -24"><span class='ocrx_word' id='word_1_76' title='bbox 81 1400 163 1463; x_wconf 86' lang='lat' dir='ltr'><strong>quae</strong></span> <span class='ocrx_word' id='word_1_77' title='bbox 195 1378 280 1444; x_wconf 89' lang='lat' dir='ltr'><strong>cirea</strong></span> <span class='ocrx_word' id='word_1_78' title='bbox 307 1379 449 1444; x_wconf 88' lang='lat' dir='ltr'><strong>rationes</strong></span> <span class='ocrx_word' id='word_1_79' title='bbox 483 1384 516 1444; x_wconf 92' lang='lat' dir='ltr'><strong>et</strong></span> <span class='ocrx_word' id='word_1_80' title='bbox 543 1379 771 1464; x_wconf 84' lang='lat' dir='ltr'><strong>proportiones</strong></span> <span class='ocrx_word' id='word_1_81' title='bbox 804 1384 838 1444; x_wconf 92' lang='lat' dir='ltr'><strong>et</strong></span> <span class='ocrx_word' id='word_1_82' title='bbox 866 1401 960 1445; x_wconf 93' lang='lat' dir='ltr'><strong>omne</strong></span> <span class='ocrx_word' id='word_1_83' title='bbox 989 1402 1091 1466; x_wconf 87' lang='lat' dir='ltr'><strong>genus</strong></span> 
     </span>
     <span class='ocr_line' id='line_1_13' title="bbox 81 1484 1089 1570; baseline 0.003 -22"><span class='ocrx_word' id='word_1_84' title='bbox 81 1484 291 1550; x_wconf 89' lang='lat' dir='ltr'><strong>medietatum</strong></span> <span class='ocrx_word' id='word_1_85' title='bbox 313 1489 471 1550; x_wconf 89' lang='lat' dir='ltr'><strong>uersatur.</strong></span> <span class='ocrx_word' id='word_1_86' title='bbox 509 1486 549 1548; x_wconf 88' lang='lat' dir='ltr'><strong>ad</strong></span> <span class='ocrx_word' id='word_1_87' title='bbox 571 1485 655 1550; x_wconf 90' lang='lat' dir='ltr'><strong>hano</strong></span> <span class='ocrx_word' id='word_1_88' title='bbox 677 1485 781 1570; x_wconf 90' lang='lat' dir='ltr'><strong>igitur</strong></span> <span class='ocrx_word' id='word_1_89' title='bbox 804 1485 956 1550; x_wconf 87' lang='lat' dir='ltr'><strong>scientiae</strong></span> <span class='ocrx_word' id='word_1_90' title='bbox 980 1487 1089 1551; x_wconf 89' lang='lat' dir='ltr'><strong>dato-</strong></span> 
     </span>
     <span class='ocr_line' id='line_1_14' title="bbox 78 1590 1091 1678; baseline 0.001 -23"><span class='ocrx_word' id='word_1_91' title='bbox 78 1612 161 1655; x_wconf 89' lang='lat' dir='ltr'><strong>rum</strong></span> <span class='ocrx_word' id='word_1_92' title='bbox 189 1591 523 1676; x_wconf 84' lang='lat' dir='ltr'><strong>comprehensionem,</strong></span> <span class='ocrx_word' id='word_1_93' title='bbox 555 1612 637 1675; x_wconf 88' lang='lat' dir='ltr'><strong>quae</strong></span> <span class='ocrx_word' id='word_1_94' title='bbox 670 1590 800 1676; x_wconf 89' lang='lat' dir='ltr'><strong>quidem</strong></span> <span class='ocrx_word' id='word_1_95' title='bbox 828 1590 1004 1656; x_wconf 88' lang='lat' dir='ltr'><strong>utilissima</strong></span> <span class='ocrx_word' id='word_1_96' title='bbox 1031 1597 1091 1678; x_wconf 94' lang='lat' dir='ltr'><strong>est,</strong></span> 
     </span>
     <span class='ocr_line' id='line_1_15' title="bbox 79 1696 1092 1782; baseline 0.002 -21"><span class='ocrx_word' id='word_1_97' title='bbox 79 1698 274 1762; x_wconf 88' lang='lat' dir='ltr'><strong>datorum</strong></span> <span class='ocrx_word' id='word_1_98' title='bbox 313 1696 434 1761; x_wconf 90' lang='lat' dir='ltr'><strong>librum</strong></span> <span class='ocrx_word' id='word_1_99' title='bbox 476 1696 658 1762; x_wconf 89' lang='lat' dir='ltr'><strong>elaborauit</strong></span> <span class='ocrx_word' id='word_1_100' title='bbox 694 1697 861 1782; x_wconf 84' lang='lat' dir='ltr'><strong>Euclides,</strong></span> <span class='ocrx_word' id='word_1_101' title='bbox 902 1719 997 1781; x_wconf 91' lang='lat' dir='ltr'><strong>quem</strong></span> <span class='ocrx_word' id='word_1_102' title='bbox 1038 1699 1092 1763; x_wconf 89' lang='lat' dir='ltr'><strong>uel</strong></span> 
     </span>
     <span class='ocr_line' id='line_1_16' title="bbox 78 1802 1088 1889; baseline 0.002 -23"><span class='ocrx_word' id='word_1_103' title='bbox 78 1802 207 1887; x_wconf 90' lang='lat' dir='ltr'><strong>proprie</strong></span> <span class='ocrx_word' id='word_1_104' title='bbox 231 1803 467 1869; x_wconf 90' lang='lat' dir='ltr'><strong>elementorum</strong></span> <span class='ocrx_word' id='word_1_105' title='bbox 495 1804 688 1889; x_wconf 89' lang='lat' dir='ltr'><strong>scriptorem</strong></span> <span class='ocrx_word' id='word_1_106' title='bbox 710 1803 979 1888; x_wconf 81' lang='lat' dir='ltr'><strong>nominauerunt3</strong></span> <span class='ocrx_word' id='word_1_107' title='bbox 1011 1825 1088 1868; x_wconf 87' lang='lat' dir='ltr'><strong>nam</strong></span> 
     </span>
    </p>
   </div>
   <div class='ocr_carea' id='block_1_3' title="bbox 78 1908 1092 2632">
    <p class='ocr_par' dir='ltr' id='par_1_3' title="bbox 78 1908 1092 2632">
     <span class='ocr_line' id='line_1_17' title="bbox 80 1908 1091 1994; baseline 0.001 -21"><span class='ocrx_word' id='word_1_108' title='bbox 80 1909 186 1974; x_wconf 92' lang='lat' dir='ltr'><strong>omnis</strong></span> <span class='ocrx_word' id='word_1_109' title='bbox 210 1908 277 1974; x_wconf 90' lang='lat' dir='ltr'><strong>fere</strong></span> <span class='ocrx_word' id='word_1_110' title='bbox 300 1909 490 1994; x_wconf 88' lang='lat' dir='ltr'><strong>disciplinae</strong></span> <span class='ocrx_word' id='word_1_111' title='bbox 509 1909 759 1975; x_wconf 87' lang='lat' dir='ltr'><strong>mathematicae</strong></span> <span class='ocrx_word' id='word_1_112' title='bbox 778 1908 937 1974; x_wconf 90' lang='lat' dir='ltr'><strong>elementa</strong></span> <span class='ocrx_word' id='word_1_113' title='bbox 960 1914 993 1973; x_wconf 96' lang='grc'><strong>11</strong></span> <span class='ocrx_word' id='word_1_114' title='bbox 1010 1914 1091 1974; x_wconf 90' lang='lat' dir='ltr'><strong>tam-</strong></span> 
     </span>
     <span class='ocr_line' id='line_1_18' title="bbox 80 2015 1091 2102; baseline 0 -22"><span class='ocrx_word' id='word_1_115' title='bbox 80 2037 178 2099; x_wconf 91' lang='lat' dir='ltr'><strong>quam</strong></span> <span class='ocrx_word' id='word_1_116' title='bbox 199 2015 424 2081; x_wconf 76' lang='lat' dir='ltr'><strong>institutiones</strong></span> <span class='ocrx_word' id='word_1_117' title='bbox 446 2016 632 2102; x_wconf 88' lang='lat' dir='ltr'><strong>proposuit,</strong></span> <span class='ocrx_word' id='word_1_118' title='bbox 653 2015 745 2080; x_wconf 92' lang='lat' dir='ltr'><strong>uelut</strong></span> <span class='ocrx_word' id='word_1_119' title='bbox 767 2015 870 2080; x_wconf 90' lang='lat' dir='ltr'><strong>totius</strong></span> <span class='ocrx_word' id='word_1_120' title='bbox 894 2015 1091 2101; x_wconf 86' lang='lat' dir='ltr'><strong>geometriae</strong></span> 
     </span>
     <span class='ocr_line' id='line_1_19' title="bbox 78 2120 1091 2207; baseline 0.002 -23"><span class='ocrx_word' id='word_1_121' title='bbox 78 2120 172 2185; x_wconf 88' lang='lat' dir='ltr'><strong>libris</strong></span> <span class='ocrx_word' id='word_1_122' title='bbox 199 2120 266 2185; x_wconf 90' lang='lat' dir='ltr'><strong>illis</strong></span> <span class='ocrx_word' id='word_1_123' title='bbox 293 2121 448 2187; x_wconf 87' lang='lat' dir='ltr'><strong>tredecim</strong></span> <span class='ocrx_word' id='word_1_124' title='bbox 477 2126 510 2186; x_wconf 92' lang='lat' dir='ltr'><strong>et</strong></span> <span class='ocrx_word' id='word_1_125' title='bbox 538 2121 755 2186; x_wconf 89' lang='lat' dir='ltr'><strong>astronomiae</strong></span> <span class='ocrx_word' id='word_1_126' title='bbox 782 2122 818 2184; x_wconf 91' lang='lat' dir='ltr'><strong>in</strong></span> <span class='ocrx_word' id='word_1_127' title='bbox 840 2120 1091 2207; x_wconf 71' lang='lat' dir='ltr'><strong>Phaenomenis,</strong></span> 
     </span>
     <span class='ocr_line' id='line_1_20' title="bbox 79 2226 1090 2312; baseline 0.002 -22"><span class='ocrx_word' id='word_1_128' title='bbox 79 2248 183 2311; x_wconf 88' lang='lat' dir='ltr'><strong>neque</strong></span> <span class='ocrx_word' id='word_1_129' title='bbox 197 2226 304 2291; x_wconf 92' lang='lat' dir='ltr'><strong>minus</strong></span> <span class='ocrx_word' id='word_1_130' title='bbox 321 2227 461 2293; x_wconf 88' lang='lat' dir='ltr'><strong>musices</strong></span> <span class='ocrx_word' id='word_1_131' title='bbox 475 2231 509 2293; x_wconf 91' lang='lat' dir='ltr'><strong>et</strong></span> <span class='ocrx_word' id='word_1_132' title='bbox 523 2226 647 2312; x_wconf 90' lang='lat' dir='ltr'><strong>optiees</strong></span> <span class='ocrx_word' id='word_1_133' title='bbox 662 2227 822 2292; x_wconf 91' lang='lat' dir='ltr'><strong>elementa</strong></span> <span class='ocrx_word' id='word_1_134' title='bbox 835 2226 978 2310; x_wconf 90' lang='lat' dir='ltr'><strong>tradidit,</strong></span> <span class='ocrx_word' id='word_1_135' title='bbox 992 2232 1090 2311; x_wconf 89' lang='lat' dir='ltr'><strong>atque</strong></span> 
     </span>
     <span class='ocr_line' id='line_1_21' title="bbox 80 2332 1092 2418; baseline 0.001 -22"><span class='ocrx_word' id='word_1_136' title='bbox 80 2332 180 2397; x_wconf 88' lang='lat' dir='ltr'><strong>etiam</strong></span> <span class='ocrx_word' id='word_1_137' title='bbox 202 2333 264 2398; x_wconf 90' lang='lat' dir='ltr'><strong>hoe</strong></span> <span class='ocrx_word' id='word_1_138' title='bbox 287 2333 372 2399; x_wconf 92' lang='lat' dir='ltr'><strong>libro</strong></span> <span class='ocrx_word' id='word_1_139' title='bbox 400 2332 504 2398; x_wconf 90' lang='lat' dir='ltr'><strong>totius</strong></span> <span class='ocrx_word' id='word_1_140' title='bbox 532 2335 571 2398; x_wconf 91' lang='lat' dir='ltr'><strong>de</strong></span> <span class='ocrx_word' id='word_1_141' title='bbox 598 2335 687 2398; x_wconf 88' lang='lat' dir='ltr'><strong>dato</strong></span> <span class='ocrx_word' id='word_1_142' title='bbox 716 2332 905 2418; x_wconf 89' lang='lat' dir='ltr'><strong>disciplinae</strong></span> <span class='ocrx_word' id='word_1_143' title='bbox 932 2333 1092 2398; x_wconf 89' lang='lat' dir='ltr'><strong>elementa</strong></span> 
     </span>
     <span class='ocr_line' id='line_1_22' title="bbox 78 2423 1091 2526; baseline 0.002 -25"><span class='ocrx_word' id='word_1_144' title='bbox 78 2438 288 2503; x_wconf 88' lang='lat' dir='ltr'><strong>resolutionis</strong></span> <span class='ocrx_word' id='word_1_145' title='bbox 312 2423 371 2502; x_wconf 86' lang='lat' dir='ltr'><strong>uia</strong></span> <span class='ocrx_word' id='word_1_146' title='bbox 398 2439 589 2526; x_wconf 90' lang='lat' dir='ltr'><strong>composuit.</strong></span> <span class='ocrx_word' id='word_1_147' title='bbox 636 2440 692 2523; x_wconf 92' lang='lat' dir='ltr'><strong>qui</strong></span> <span class='ocrx_word' id='word_1_148' title='bbox 720 2462 794 2506; x_wconf 92' lang='lat' dir='ltr'><strong>cum</strong></span> <span class='ocrx_word' id='word_1_149' title='bbox 822 2443 909 2505; x_wconf 90' lang='lat' dir='ltr'><strong>esset</strong></span> <span class='ocrx_word' id='word_1_150' title='bbox 931 2437 1091 2523; x_wconf 90' lang='lat' dir='ltr'><strong>imprimis</strong></span> 
     </span>
     <span class='ocr_line' id='line_1_23' title="bbox 80 2544 1090 2632; baseline 0.002 -23"><span class='ocrx_word' id='word_1_151' title='bbox 80 2549 261 2630; x_wconf 80' lang='lat' dir='ltr'><strong>geometra,</strong></span> <span class='ocrx_word' id='word_1_152' title='bbox 292 2567 478 2623; x_wconf 90' lang='lat' dir='ltr'><strong>communes</strong></span> <span class='ocrx_word' id='word_1_153' title='bbox 505 2544 587 2611; x_wconf 91' lang='lat' dir='ltr'><strong>dati</strong></span> <span class='ocrx_word' id='word_1_154' title='bbox 614 2546 756 2611; x_wconf 90' lang='lat' dir='ltr'><strong>rationes</strong></span> <span class='ocrx_word' id='word_1_155' title='bbox 785 2547 826 2610; x_wconf 88' lang='lat' dir='ltr'><strong>ad</strong></span> <span class='ocrx_word' id='word_1_156' title='bbox 849 2545 1090 2632; x_wconf 85' lang='lat' dir='ltr'><strong>magnitudines</strong></span> 
     </span>
    </p>
   </div>
   <div class='ocr_carea' id='block_1_4' title="bbox 76 2650 1091 3032">
    <p class='ocr_par' dir='ltr' id='par_1_4' title="bbox 76 2650 1091 3032">
     <span class='ocr_line' id='line_1_24' title="bbox 78 2650 1091 2737; baseline 0.002 -22"><span class='ocrx_word' id='word_1_157' title='bbox 78 2650 210 2735; x_wconf 88' lang='lat' dir='ltr'><strong>proprie</strong></span> <span class='ocrx_word' id='word_1_158' title='bbox 233 2651 509 2737; x_wconf 87' lang='lat' dir='ltr'><strong>adcommodauit,</strong></span> <span class='ocrx_word' id='word_1_159' title='bbox 532 2672 628 2735; x_wconf 91' lang='lat' dir='ltr'><strong>quam</strong></span> <span class='ocrx_word' id='word_1_160' title='bbox 651 2652 740 2718; x_wconf 87' lang='lat' dir='ltr'><strong>uiam</strong></span> <span class='ocrx_word' id='word_1_161' title='bbox 765 2657 895 2718; x_wconf 88' lang='lat' dir='ltr'><strong>secutus</strong></span> <span class='ocrx_word' id='word_1_162' title='bbox 919 2656 969 2717; x_wconf 91' lang='lat' dir='ltr'><strong>est</strong></span> <span class='ocrx_word' id='word_1_163' title='bbox 992 2653 1091 2717; x_wconf 87' lang='lat' dir='ltr'><strong>etiam</strong></span> 
     </span>
     <span class='ocr_line' id='line_1_25' title="bbox 77 2756 1090 2843; baseline 0.001 -23"><span class='ocrx_word' id='word_1_164' title='bbox 77 2756 114 2820; x_wconf 89' lang='lat' dir='ltr'><strong>in</strong></span> <span class='ocrx_word' id='word_1_165' title='bbox 143 2756 348 2841; x_wconf 80' lang='lat' dir='ltr'><strong>generalibus</strong></span> <span class='ocrx_word' id='word_1_166' title='bbox 375 2756 559 2822; x_wconf 90' lang='lat' dir='ltr'><strong>rationibus</strong></span> <span class='ocrx_word' id='word_1_167' title='bbox 590 2757 626 2820; x_wconf 93' lang='lat' dir='ltr'><strong>in</strong></span> <span class='ocrx_word' id='word_1_168' title='bbox 653 2757 933 2843; x_wconf 87' lang='lat' dir='ltr'><strong>magnitudinibus</strong></span> <span class='ocrx_word' id='word_1_169' title='bbox 960 2758 1090 2842; x_wconf 91' lang='lat' dir='ltr'><strong>proprie</strong></span> 
     </span>
     <span class='ocr_line' id='line_1_26' title="bbox 78 2861 1090 2947; baseline 0.002 -23"><span class='ocrx_word' id='word_1_170' title='bbox 78 2883 133 2926; x_wconf 90' lang='lat' dir='ltr'><strong>eas</strong></span> <span class='ocrx_word' id='word_1_171' title='bbox 173 2867 376 2946; x_wconf 88' lang='lat' dir='ltr'><strong>pertractans</strong></span> <span class='ocrx_word' id='word_1_172' title='bbox 413 2862 448 2926; x_wconf 93' lang='lat' dir='ltr'><strong>in</strong></span> <span class='ocrx_word' id='word_1_173' title='bbox 486 2861 601 2946; x_wconf 91' lang='lat' dir='ltr'><strong>quinto</strong></span> <span class='ocrx_word' id='word_1_174' title='bbox 641 2861 814 2947; x_wconf 88' lang='lat' dir='ltr'><strong>planorum</strong></span> <span class='ocrx_word' id='word_1_175' title='bbox 856 2863 1090 2927; x_wconf 89' lang='lat' dir='ltr'><strong>elementorum</strong></span> 
     </span>
     <span class='ocr_line' id='line_1_27' title="bbox 76 2965 171 3032; baseline 0.021 -2"><span class='ocrx_word' id='word_1_176' title='bbox 76 2965 171 3032; x_wconf 90' lang='lat' dir='ltr'><strong>libro.</strong></span> 
     </span>
    </p>
   </div>
   <div class='ocr_carea' id='block_1_5' title="bbox 77 3072 1090 3168">
    <p class='ocr_par' dir='ltr' id='par_1_5' title="bbox 77 3072 1090 3168">
     <span class='ocr_line' id='line_1_28' title="bbox 77 3072 1090 3168; baseline -0.001 -30"><span class='ocrx_word' id='word_1_177' title='bbox 77 3158 81 3168; x_wconf 27' lang='grc' dir='ltr'><strong><em>Ι</em></strong></span> <span class='ocrx_word' id='word_1_178' title='bbox 145 3074 296 3140; x_wconf 83' lang='lat' dir='ltr'><strong>uniuerso</strong></span> <span class='ocrx_word' id='word_1_179' title='bbox 319 3073 421 3160; x_wconf 87' lang='lat' dir='ltr'><strong>igitur</strong></span> <span class='ocrx_word' id='word_1_180' title='bbox 443 3073 567 3138; x_wconf 84' lang='lat' dir='ltr'><strong>dictum</strong></span> <span class='ocrx_word' id='word_1_181' title='bbox 590 3077 649 3159; x_wconf 87' lang='lat' dir='ltr'><strong>est,</strong></span> <span class='ocrx_word' id='word_1_182' title='bbox 672 3074 803 3138; x_wconf 89' lang='lat' dir='ltr'><strong>datum</strong></span> <span class='ocrx_word' id='word_1_183' title='bbox 826 3072 903 3157; x_wconf 92' lang='lat' dir='ltr'><strong>quid</strong></span> <span class='ocrx_word' id='word_1_184' title='bbox 926 3073 970 3138; x_wconf 91' lang='lat' dir='ltr'><strong>sit</strong></span> <span class='ocrx_word' id='word_1_185' title='bbox 993 3078 1026 3138; x_wconf 92' lang='lat' dir='ltr'><strong>et</strong></span> <span class='ocrx_word' id='word_1_186' title='bbox 1049 3075 1090 3138; x_wconf 88' lang='lat' dir='ltr'><strong>ad</strong></span> 
     </span>
    </p>
   </div>
   <div class='ocr_carea' id='block_1_6' title="bbox 77 3298 1090 3586">
    <p class='ocr_par' dir='ltr' id='par_1_6' title="bbox 77 3298 1090 3586">
     <span class='ocr_line' id='line_1_29' title="bbox 115 3298 1089 3372; baseline 0.002 -19"><span class='ocrx_word' id='word_1_187' title='bbox 115 3305 156 3355; x_wconf 93' lang='lat'><strong>10.</strong></span> <span class='ocrx_word' id='word_1_188' title='bbox 177 3300 285 3372; x_wconf 73' lang='grc' dir='ltr'><strong>πλήθη]</strong></span> <span class='ocrx_word' id='word_1_189' title='bbox 304 3300 409 3370; x_wconf 76' lang='grc' dir='ltr'><strong>πλήθει</strong></span> <span class='ocrx_word' id='word_1_190' title='bbox 426 3300 491 3355; x_wconf 76' lang='lat' dir='ltr'><strong>Vae.</strong></span> <span class='ocrx_word' id='word_1_191' title='bbox 556 3305 598 3354; x_wconf 91' lang='lat'><strong>11.</strong></span> <span class='ocrx_word' id='word_1_192' title='bbox 617 3298 653 3353; x_wconf 80' lang='grc' dir='ltr'><strong>τὰ</strong></span> <span class='ocrx_word' id='word_1_193' title='bbox 671 3300 799 3371; x_wconf 81' lang='grc' dir='ltr'><strong>τοιαῦτα]</strong></span> <span class='ocrx_word' id='word_1_194' title='bbox 817 3302 906 3354; x_wconf 70' lang='lat' dir='ltr'><strong>rutra</strong></span> <span class='ocrx_word' id='word_1_195' title='bbox 923 3299 988 3355; x_wconf 86' lang='lat' dir='ltr'><strong>Vat.</strong></span> <span class='ocrx_word' id='word_1_196' title='bbox 1047 3305 1089 3355; x_wconf 81' lang='lat'><strong>15.</strong></span> 
     </span>
     <span class='ocr_line' id='line_1_30' title="bbox 78 3370 1090 3443; baseline -0.001 -18"><span class='ocrx_word' id='word_1_197' title='bbox 78 3370 258 3443; x_wconf 75' lang='grc' dir='ltr'><strong>ἐξεπόνησεν]</strong></span> <span class='ocrx_word' id='word_1_198' title='bbox 283 3370 464 3442; x_wconf 54' lang='lat' dir='ltr'><strong>discordares</strong></span> <span class='ocrx_word' id='word_1_199' title='bbox 483 3370 612 3438; x_wconf 85' lang='lat' dir='ltr'><strong>PVat.v;</strong></span> <span class='ocrx_word' id='word_1_200' title='bbox 636 3386 704 3424; x_wconf 87' lang='lat' dir='ltr'><strong>corr.</strong></span> <span class='ocrx_word' id='word_1_201' title='bbox 723 3370 788 3425; x_wconf 89' lang='lat' dir='ltr'><strong>Vat.</strong></span> <span class='ocrx_word' id='word_1_202' title='bbox 808 3387 843 3424; x_wconf 91' lang='lat' dir='ltr'><strong>m.</strong></span> <span class='ocrx_word' id='word_1_203' title='bbox 864 3377 889 3426; x_wconf 78' lang='lat'><strong>2.</strong></span> <span class='ocrx_word' id='word_1_204' title='bbox 979 3376 1021 3425; x_wconf 79' lang='lat'><strong>20.</strong></span> <span class='ocrx_word' id='word_1_205' title='bbox 1042 3370 1090 3443; x_wconf 79' lang='grc' dir='ltr'><strong>δή]</strong></span> 
     </span>
     <span class='ocr_line' id='line_1_31' title="bbox 77 3439 1090 3513; baseline -0.001 -16"><span class='ocrx_word' id='word_1_206' title='bbox 77 3440 149 3512; x_wconf 78' lang='grc' dir='ltr'><em>μηδέ</em></span> <span class='ocrx_word' id='word_1_207' title='bbox 167 3461 193 3498; x_wconf 78' lang='lat' dir='ltr'><strong>r.</strong></span> <span class='ocrx_word' id='word_1_208' title='bbox 284 3447 326 3498; x_wconf 79' lang='lat'><strong>21.</strong></span> <span class='ocrx_word' id='word_1_209' title='bbox 350 3450 399 3512; x_wconf 81' lang='grc' dir='ltr'><strong>τῆς</strong></span> <span class='ocrx_word' id='word_1_210' title='bbox 416 3439 496 3513; x_wconf 69' lang='lat' dir='ltr'><strong>ascl]</strong></span> <span class='ocrx_word' id='word_1_211' title='bbox 516 3442 580 3510; x_wconf 78' lang='grc' dir='ltr'><strong>περὶ</strong></span> <span class='ocrx_word' id='word_1_212' title='bbox 597 3461 613 3494; x_wconf 82' lang='grc' dir='ltr'><strong><em>τ</em></strong></span> <span class='ocrx_word' id='word_1_213' title='bbox 633 3463 647 3504; x_wconf 77' lang='grc' dir='ltr'><strong><em>ς</em></strong></span> <span class='ocrx_word' id='word_1_214' title='bbox 664 3441 700 3510; x_wconf 86' lang='grc' dir='ltr'><strong>Ρ;</strong></span> <span class='ocrx_word' id='word_1_215' title='bbox 720 3449 770 3511; x_wconf 76' lang='grc' dir='ltr'><strong>τῆς</strong></span> <span class='ocrx_word' id='word_1_216' title='bbox 788 3457 840 3496; x_wconf 89' lang='lat' dir='ltr'><strong>om.</strong></span> <span class='ocrx_word' id='word_1_217' title='bbox 860 3459 886 3496; x_wconf 86' lang='lat' dir='ltr'><strong>v.</strong></span> <span class='ocrx_word' id='word_1_218' title='bbox 977 3446 1019 3496; x_wconf 78' lang='lat'><strong>25.</strong></span> <span class='ocrx_word' id='word_1_219' title='bbox 1040 3441 1090 3512; x_wconf 79' lang='grc' dir='ltr'><strong>ἐφ-</strong></span> 
     </span>
     <span class='ocr_line' id='line_1_32' title="bbox 77 3449 933 3586; baseline -0.002 -17"><span class='ocrx_word' id='word_1_220' title='bbox 77 3512 205 3585; x_wconf 59' lang='lat' dir='ltr'><strong>&#39;tonores</strong></span> <span class='ocrx_word' id='word_1_221' title='bbox 224 3513 288 3569; x_wconf 87' lang='lat' dir='ltr'><strong>Vat.</strong></span> <span class='ocrx_word' id='word_1_222' title='bbox 362 3519 404 3568; x_wconf 77' lang='lat'><strong>2⁷.</strong></span> <span class='ocrx_word' id='word_1_223' title='bbox 423 3510 550 3586; x_wconf 78' lang='grc' dir='ltr'><strong>πέμπτῳ]</strong></span> <span class='ocrx_word' id='word_1_224' title='bbox 568 3449 653 3580; x_wconf 66' lang='grc' dir='ltr'><strong>θ’1);</strong></span> <span class='ocrx_word' id='word_1_225' title='bbox 672 3514 741 3567; x_wconf 92' lang='lat' dir='ltr'><strong>mut.</strong></span> <span class='ocrx_word' id='word_1_226' title='bbox 760 3511 792 3564; x_wconf 89' lang='lat' dir='ltr'><strong>in</strong></span> <span class='ocrx_word' id='word_1_227' title='bbox 809 3511 834 3566; x_wconf 83' lang='grc' dir='ltr'><strong>ε’</strong></span> <span class='ocrx_word' id='word_1_228' title='bbox 854 3529 889 3568; x_wconf 85' lang='lat' dir='ltr'><strong>m.</strong></span> <span class='ocrx_word' id='word_1_229' title='bbox 910 3518 933 3568; x_wconf 87' lang='lat'><strong>1.</strong></span> 
     </span>
    </p>
   </div>
   <div class='ocr_carea' id='block_1_7' title="bbox 0 0 1204 3840">
    <p class='ocr_par' dir='ltr' id='par_1_7' title="bbox 0 0 1204 3840">
     <span class='ocr_line' id='line_1_33' title="bbox 0 0 1204 3840; baseline 0 0"><span class='ocrx_word' id='word_1_230' title='bbox 0 0 1204 3840; x_wconf 95' lang='lat' dir='ltr'><strong> </strong></span> 
     </span>
    </p>
   </div>
  </div>
 </body>
</html>
