2400 3840
566 205 671 258 uara,
1060 204 1124 268 133

183 346 226 411 sit
250 346 336 411 enim
361 350 423 412 ΓΑ
451 347 702 432 aequiangulum
724 347 1028 434 parallelogrammo
1053 353 1126 435 ΖΘ,

115 457 148 516 et
171 453 350 536 arlplioetur
368 457 475 519 reatae
496 457 556 517 ΓΒ
580 453 969 539 parallelogrammum
992 455 1125 540 aequale
1176 468 1180 475 '

112 559 453 645 parallelogrammum
474 562 551 624 ΓΜ
570 559 669 624 etita
690 565 840 645 ponatur,
861 565 899 624 ut
918 567 950 625 A
957 564 989 625 Γ
1006 565 1039 626 et
1059 564 1131 626 ΓΝ

112 664 149 728 in
172 666 283 730 eadem
305 671 394 732 reeta
417 666 483 730 sint
506 665 547 751 [1,
564 665 631 750 45].
670 687 768 749 quare
792 667 892 732 etiam
909 671 975 731 ΑΒ
1000 672 1033 731 et
1051 670 1132 731 ΒΜ

112 771 148 835 in
171 772 284 836 eadem
302 777 391 837 reeta
410 777 487 837 sunt
511 770 550 857 [1,
564 774 621 858 293
639 773 665 857 Ι,
680 773 745 856 14].
783 778 816 837 et
839 777 889 838 est
911 777 985 838 BN
996 803 1037 824 =
1053 777 1125 837 ΖΘ.

113 899 226 942 uerum
261 878 360 943 etiam
393 877 610 964 aequiangula
638 883 721 943 sunt.
767 878 877 963 itaque
900 879 935 942 in
957 879 1126 964 parallelo-

114 984 268 1069 grammis
287 988 366 1070 ΒΝ,
380 989 444 1074 ΘΖ
467 985 570 1049 latera
593 985 744 1068 aequales
763 986 899 1071 angulos
919 985 1125 1069 eomprehen-

113 1089 224 1154 dentia
254 1090 290 1154 in
322 1091 485 1156 contraria
515 1091 726 1175 proportione
758 1095 835 1156 aunt
864 1090 1024 1177 [VI,14].
1058 1096 1125 1156 ‘est

112 1195 215 1281 igitur
244 1200 304 1261 ΓΒ
320 1220 327 1260 :
344 1201 415 1261 ΖΗ
426 1228 467 1249 =
484 1202 567 1262 ZE:
583 1200 658 1263 ΓΝ.
708 1220 822 1262 uerum
848 1199 933 1263 ratio
958 1202 1018 1263 ΓΒ
1033 1221 1041 1261 t
1057 1201 1130 1262 ZH

113 1303 190 1366 data
208 1308 266 1368 est.
298 1303 408 1388 itaque
428 1303 527 1369 etiam
545 1305 630 1369 ratio
649 1309 712 1369 ΕΖ
727 1328 734 1368 :
750 1308 821 1370 ΓΝ
836 1306 912 1370 data
930 1309 980 1370 eet
995 1305 1070 1389 [def.
1081 1305 1125 1389 2].

114 1409 171 1472 sed
184 1409 269 1474 ratio
283 1415 347 1474 ΕΖ
357 1433 364 1473 :
375 1413 446 1475 ΑΓ
458 1412 535 1475 data
548 1416 607 1475 est.
636 1432 733 1494 quare
748 1412 846 1476 etiam
860 1411 944 1476 ratio
959 1415 1045 1475 ΑΓ;
1059 1414 1131 1476 ΓΝ

113 1514 190 1579 data
217 1520 266 1580 est
295 1515 400 1602 [prop.
419 1515 519 1600 VIR]
574 1516 684 1601 iaque
716 1517 815 1582 etiam
842 1517 926 1581 ratio
956 1520 1016 1580 ΓΑ
1030 1541 1037 1580 :
1053 1519 1132 1581 ΓΜ

114 1620 191 1684 data
212 1627 262 1686 est
286 1621 356 1708 [Vq
376 1625 409 1708 13
428 1622 488 1687 def.
505 1621 549 1706 2].
591 1627 641 1687 est
664 1627 774 1686 autem
794 1626 871 1687 ΓΜ
880 1653 920 1674 =
938 1625 1009 1686 ΖΘ.
1046 1643 1124 1707 ergo

114 1727 213 1791 etiam
235 1729 320 1793 ratio
345 1731 407 1793 ΓΛ
421 1752 428 1792 :
443 1730 519 1792 EH
537 1729 613 1793 data
635 1731 693 1793 est.

180 1834 246 1898 iam
263 1857 304 1899 ne
321 1834 365 1898 sit
379 1841 412 1899 Α
417 1838 446 1898 Β
462 1833 714 1920 aequiangulum
730 1834 1036 1920 parallelogrammo
1053 1838 1125 1919 ΖΘ,

112 1945 146 2005 et
169 1944 376 2005 construatur
399 1941 440 2004 ad
462 1945 585 2004 rectam
603 1942 672 2004 ΒΓ
689 1944 723 2004 et
745 1945 903 2024 punctum
925 1941 962 2004 in
984 1963 1022 2004 ea
1039 1941 1125 2025 posi-

478 2134 512 2189 Ε
723 2051 794 2111 tum
818 2049 851 2111 Γ
874 2048 994 2132 angulo
1018 2050 1128 2111 EZH

650 2135 677 2191 Θ
724 2151 868 2237 aequalis
880 2154 1019 2239 angulus
1027 2156 1126 2217 BFK

724 2252 773 2346 [l‚=
785 2259 842 2344 23]
849 2311 857 2345 ,
890 2265 922 2324 et
954 2259 1121 2343 expleatur

390 2326 418 2383 Δ
454 2331 478 2383 Α
753 2367 1093 2453 parallelogrammum

724 2477 793 2539 ΓΑ.
817 2478 851 2538 et
861 2472 1015 2558 quoniam
1026 2473 1120 2537 datus

723 2586 773 2646 eat
801 2583 935 2656 [ΑΓΒ
964 2584 997 2644 et
1022 2580 1121 2644 etiam

723 2691 803 2763 LK
812 2691 875 2752 ΓΒ
922 2687 1016 2751 (latus
1058 2689 1121 2770 est,

111 2796 211 2861 etiam
224 2795 280 2879 qui
294 2794 488 2879 relinquitur
497 2798 603 2859 ΑΓΚ
615 2796 710 2860 datus
725 2793 787 2858 erit
802 2793 905 2877 [prop.
915 2790 985 2875 IV]
1007 2813 1122 2856 uerum

112 2903 212 2967 etiam
231 2904 363 2978 LFAK
379 2903 473 2967 datus
493 2905 542 2965 eat
567 2900 604 2986 [1,
624 2902 680 2986 293
702 2921 794 2984 prop.
809 2897 879 2982 IV}
909 2919 1007 2980 quare
1022 2897 1121 2961 etiam

509 2639 529 2688 Z
630 2639 669 2692 H

183 3059 215 3111 ln
233 3059 297 3128 figg.
315 3058 394 3113 codd.
409 3063 459 3111 AB
475 3060 518 3112 est
531 3056 734 3126 reetangulum‚
750 3059 803 3108 ΚΒ
816 3053 1120 3123 parallelogrammum.

110 3206 152 3255 21.
174 3201 292 3254 δοθεῖσα
325 3196 443 3266 ἑκατέρα
460 3207 516 3252 τῶν
534 3202 622 3264 ΑΓΒ,
637 3201 720 3250 ΚΓΒ
740 3204 848 3265 γωνιῶν
866 3194 893 3249 b.
954 3199 995 3248 20.
1017 3193 1121 3248 ἔστι-

111 3277 153 3325 21.
175 3272 294 3325 δοθεῖσα
318 3288 380 3339 mg.
400 3288 436 3323 m.
452 3275 466 3322 1
486 3269 509 3322 P
528 3271 556 3323 et
575 3269 639 3322 add.
658 3277 713 3322 τῶν
733 3269 799 3320 ante
818 3270 900 3320 ΚΓΒ
918 3265 996 3334 Vat.;
1017 3281 1069 3319 om.
1089 3283 1119 3333 v;

111 3341 175 3396 fort.
196 3341 360 3395 omittenda.
433 3347 476 3394 21.
495 3340 564 3393 Post
582 3341 701 3394 δοθεῖσα
719 3356 774 3407 mg.
790 3337 854 3392 add.
875 3335 919 3406 ἴση
938 3334 991 3407 γάρ
1010 3338 1120 3407 (comp.)

111 3413 185 3468 ἐστιν
208 3421 241 3535 tp
264 3412 334 3481 πρὸς
357 3413 466 3482 (comp.)
489 3416 527 3482 τῷ
548 3415 569 3464 Ζ
592 3408 709 3482 δοθείσῃ
728 3409 792 3464 vat.
812 3427 848 3463 m.
869 3414 897 3478 1,
917 3408 970 3462 del.
990 3427 1026 3463 m.
1046 3410 1119 3477 2(?);

110 3502 136 3538 u.
157 3484 243 3539 ocho.
315 3482 370 3536 ὑπὸ
389 3491 444 3537 τῶν
463 3486 548 3536 ΑΓΚ
563 3481 658 3536 Vatv.
751 3480 824 3536 ἐστιν
842 3498 868 3535 v.
959 3485 1001 3534 22.
1027 3479 1120 3550 ΓΑΚ]

108 3559 197 3609 ΑΚΓ
211 3554 238 3609 b.
311 3559 353 3607 23.
374 3552 447 3607 ἔστιν
464 3570 490 3608 v.
