2400 3840
542 163 733 216 APPENDIX.

612 341 662 404 14.

476 447 527 512 Ad
549 469 641 532 prop.
664 446 797 510 LXVII.

554 569 713 647 Ἄλλως,

187 670 286 761 ’Ήτόι
304 697 367 781 γὰρ
386 695 407 779 ἡ
423 696 461 760 Α
473 698 577 778 γωνία
596 695 685 779 ὀρθή
704 693 795 758 ἐστιν
813 692 833 775 ἢ
853 691 941 770 ὀξεῖα
958 691 979 776 ἢ
997 691 1148 776 ἀμβλεῖα.

95 818 110 865 5
197 807 278 868 ἔστω
306 805 468 888 πρότερον
496 802 595 886 ὀρθή·
628 802 666 865 τὸ
695 802 760 886 ἄρα
791 799 855 864 ἀπὸ
889 796 1148 884 συναμφοτέρου

130 918 188 992 τῆς
211 911 312 974 ΒΑΓ
329 918 389 973 τοῦ
413 908 476 973 ἀπὸ
500 918 557 991 τῆς
580 906 687 972 BP‘
670 905 821 992 υττερέχει
844 915 890 993 τῷ
914 903 1004 981 δὶς“
988 906 1055 969 υπὸ
1079 916 1148 970 τῶν

130 1019 234 1080 ΒΑΓ.
271 1040 326 1079 και
321 1015 418 1080 έστι
442 1023 502 1078 τοῦ
526 1012 616 1090 δὶς“
599 1015 665 1077 υτὸ
684 1024 752 1077 τῶν
771 1015 872 1089 ΒΑΓ
888 1013 972 1097 πρὸς
990 1012 1027 1075 τὸ
1046 1014 1154 1075 ΑΒΓ

130 1125 295 1204 τρίγωνον
317 1111 416 1202 λόγος
439 1120 561 1195 δοθεις.

198 1230 280 1291 ἔστω
309 1228 350 1309 δὴ
378 1224 513 1303 ὀξεῖα“
496 1251 516 1309 η
543 1225 609 1289 ὑπὸ
637 1236 704 1289 τῶν
733 1228 843 1307 ΒΑΓ,
874 1221 929 1287 καὶ
956 1222 1100 1306 ἤχθω’
1082 1225 1148 1288 απὸ

81 1348 114 1395 10
133 1339 192 1396 τοῦ
217 1334 249 1395 Γ
272 1328 324 1395 έαὶ
352 1334 413 1416 τὴν
436 1335 501 1395 ΑΒ
530 1331 714 1406 κάθετος
687 1356 717 1414 η
747 1334 820 1395 PAz·
862 1327 931 1395 ἐπεὶ
960 1327 1149 1411 όξυγώνιόν

26 1515 30 1522 ¹
133 1437 254 1502 ἐστι
224 1461 262 1502 το
285 1440 390 1502 ΑΒΓ
408 1440 583 1523 τρίγωνον,
606 1435 661 1501 καὶ
684 1431 867 1512 κάθετος
848 1459 942 1519 ηκται
965 1436 985 1519 ἡ
1010 1432 1082 1518 ΓΔ,
1107 1436 1149 1500 τὰ
1193 1449 1197 1455 “

131 1546 195 1630 ἄρα
212 1530 286 1609 Ιόατὸ
315 1555 382 1609 τῶν
405 1548 506 1617 ΒΑΓ
530 1550 585 1608 ῖσα
613 1542 682 1609 ἐστὶ
709 1553 755 1630 τῷ
779 1567 813 1608 τε
837 1543 900 1607 ἀπὸ
924 1551 982 1625 τῆς
1004 1545 1074 1606 ΒΓ
1092 1540 1149 1606 καὶ

47 1655 55 1671 ’
131 1661 177 1740 τῷ
201 1649 254 1728 δὶς
276 1652 341 1717 ὑπὸ
365 1661 432 1716 τῶν
450 1655 554 1716 ΒΑΔ.
587 1651 702 1715 κοινὸν
720 1651 932 1735 προσκείσθω
951 1649 989 1713 τὸ
1008 1646 1062 1724 δὶς
1080 1648 1148 1714 ὑπὸ

131 1769 198 1822 τῶν
221 1760 338 1822 ΒΑΓ·-
367 1757 408 1821 τδε
431 1758 495 1841 όέρα
518 1756 581 1821 ἀπὸ
605 1768 673 1821 τῶν
695 1759 797 1821 ΒΑΓ
819 1756 899 1839 μετὰ
921 1763 980 1819 τοῦ
1004 1751 1057 1830 δὶς
1080 1753 1148 1818 ὑπὸ

79 1878 113 1927 15
132 1876 199 1928 τῶν
218 1867 322 1947 ΒΑΓ,
347 1864 426 1948 ὅπερ
451 1862 519 1928 ἐστὶ
542 1865 579 1927 τὸ
603 1862 666 1928 &ab
691 1860 945 1947 συναμφοτέρου
963 1869 1021 1944 τῆς
1039 1864 1148 1943 ΒΑΓ,

107 1978 187 2044 ,ῖσα
211 1968 279 2035 ἐστὶ
302 1979 347 2058 τῷ
371 1993 406 2035 τε
429 1970 493 2034 ἀπὸ
517 1972 659 2053 τῆςΒΓ
676 1967 731 2033 καὶ
749 1978 795 2056 τῷ
815 1966 868 2045 δὶς
884 1967 949 2032 ὑπὸ
968 1977 1036 2031 τῶν
1051 1971 1149 2031 ΒΑΔ

130 2076 186 2143 καὶ
214 2081 261 2142 ἔτι
289 2086 334 2165 τῷ
365 2074 417 2154 δὶς
439 2076 504 2141 ὑπὸ
528 2087 596 2141 τῶν
618 2078 728 2159 ΒΑΓ,
748 2072 910 2139 τουτέστι
932 2083 977 2162 τῷ
1004 2070 1056 2149 δὶς
1079 2073 1146 2138 ὑπὸ

132 2182 387 2268 συναμφοτέρου
415 2193 473 2267 τῆς
501 2165 599 2248 ΓΑΔ,
621 2181 677 2247 καὶ
704 2191 762 2265 τῆς
789 2185 869 2245 ΑΒ·
903 2181 986 2245 ὥστε
1014 2180 1051 2243 τὸ
1082 2180 1146 2244 ἀπὸ

132 2288 386 2374 συναμφοτέρου
409 2298 467 2373 τῆς
486 2293 587 2354 ΒΑΓ
605 2292 715 2373 μεῖζόν
739 2287 807 2352 έστι
830 2296 890 2352 τοῦ
915 2287 978 2352 ἀπὸ
1002 2294 1068 2370 τῆς,
1084 2289 1153 2351 ΒΓ

80 2406 114 2454 20
133 2405 178 2481 τῷ
211 2393 263 2470 δὶς
293 2395 359 2459 ὑπὸ
393 2394 646 2481 συναμφοτέρου
679 2404 737 2478 τῆς
768 2397 872 2460 ΔΑΓ
898 2392 954 2459 καὶ
985 2402 1044 2477 τῆς
1075 2396 1146 2458 ΒΑ.

131 2497 186 2563 καὶ
210 2497 279 2563 ἐπεὶ
302 2500 441 2564 δοθεῖσό
464 2501 554 2565 ἐστιν
577 2501 597 2585 ἡ
620 2501 685 2565 ὑπὸ
709 2511 777 2565 τῶν
799 2502 903 2564 ΒΑΓ
924 2502 1044 2582 γωνία,
1078 2502 1146 2565 ἔστι
1189 2521 1194 2529 ·

132 2601 169 2669 δὲ
191 2602 246 2669 καὶ
264 2605 285 2689 ἡ
303 2603 369 2669 ὑπὸ
388 2616 455 2670 τῶν
473 2608 577 2670 ΑΔΓ
595 2609 700 2688 γωνία
719 2607 868 2699 δοθεῖσα,
891 2603 947 2669 καὶ
966 2606 1064 2688 λοιπὴ
1081 2606 1147 2691 όρα

54 2751 58 2759 ·
132 2711 152 2794 ἡ
175 2711 241 2776 ὑπὸ
264 2723 330 2776 τῶν
353 2714 462 2781 ΔΓΑ,
475 2711 544 2777 έστι
568 2714 720 2778 δοθεῖσα·
748 2711 884 2777 δέδοται.
902 2713 967 2797 ἄρα
989 2712 1027 2775 τὸ
1046 2714 1152 2776 ΑΛΓ

134 2821 298 2903 τρίγωνον
320 2827 366 2906 τῷ
390 2819 483 2883 εῖδει·
508 2823 606 2902 λόγος
628 2816 692 2904 ’ἄρα
716 2817 785 2884 ἐστὶ
808 2827 866 2902 τῆς
888 2824 954 2904 ΑΔ
976 2819 1060 2903 πρὸς
1084 2820 1145 2902 τὴν

79 2909 113 2984 νο
132 2926 203 2988 ΑΓ
225 2925 351 3001 δοθείς·
385 2925 468 2990 ὥστε
494 2923 550 2990 καὶ
574 2923 828 3010 συναμφοτέρου
855 2933 914 3009 τῆς
936 2927 1041 2988 ΔΑΓ
1062 2926 1147 3010 πρὸς

132 3033 192 3115 τὴν
206 3023 278 3095 ΑΓ
296 3034 394 3113 λόγος
413 3030 482 3097 ἐστὶ
501 3034 628 3109 δοθείς·
652 3030 706 3096 καὶ
725 3039 785 3096 τοῦ
803 3032 869 3096 ὑπὸ
888 3029 1146 3117 συναμφοτέρου

204 3299 227 3348 5.
247 3294 316 3367 ἀπό]
335 3293 437 3349 bamb.
498 3301 521 3350 6.
541 3295 603 3366 τοῦ]
621 3293 699 3349 τόδ).
762 3298 803 3348 11.
823 3292 870 3365 τό]
888 3291 966 3346 τόδ).
1023 3297 1064 3346 12.
1085 3291 1144 3363 ἴσα]

130 3362 239 3420 έσονὶ)
315 3371 354 3421 l4
373 3363 420 3437 τό]
439 3363 516 3419 τόδ).
574 3365 642 3437 ἀπό]
661 3364 762 3420 bnbb
837 3363 1144 3435 17.τῳ(α1ῖ)]τουυ.

71 3447 77 3460 ·
146 3439 210 3489 ’.18
231 3436 314 3507 ΓΑΔ]
334 3441 405 3491 ΒΑΔ
423 3435 553 3526 καὶτῆς
556 3441 605 3490 ΑΔ
623 3454 648 3491 ν.
715 3441 755 3490 19.
774 3444 824 3506 της
838 3438 916 3490 ΒΑΓ
926 3440 1018 3488 -20
1038 3439 1076 3507 τῷ
1090 3433 1145 3505 δός]

63 3510 180 3624 ἱτῆς
204 3509 275 3559 ΓΑΔ
300 3526 336 3560 αα
318 3507 349 3559 αὶ
371 3514 420 3575 τῆς
441 3512 464 3559 Α
471 3512 504 3560 Β
534 3504 601 3561 ὥστε
624 3507 655 3561 τδ
678 3507 735 3561 ἀπὸ
759 3502 971 3576 συναμφοτέρου
994 3513 1044 3576 τῆς
1067 3508 1150 3560 ΒΑΓ
