2400 3840
514 155 618 204 nara.
1052 151 1073 216 5

59 295 287 382 magnitudine
306 300 340 360 et
354 297 448 361 bases
468 300 709 381 segmentorum
722 297 885 380 positione
905 302 937 363 et
951 298 1074 383 magni-

57 402 182 467 tudine.

129 510 159 574 9.
191 508 385 596 Magnitudo
409 509 632 595 magnitudine
655 509 777 574 maior
805 513 854 574 est
877 510 979 592 data,
1005 510 1073 596 ubi,

64 616 287 702 ablatadata,
300 638 392 700 >quae
414 615 618 701 relinquitur,
642 615 745 681 eidem
768 616 912 700 aequalis
936 620 994 681 est.

132 724 183 787 10.
209 722 402 808 Magnitudo
421 723 646 808 magnitudine
664 722 788 786 minor
811 726 861 786 est
884 722 985 805 data,
1008 721 1074 806 ubi,
1101 760 1107 797 ·.

59 828 173 893 addita
196 829 281 914 data,
304 833 411 895 totum
435 829 538 893 eidem
562 829 695 912 aequale
719 833 776 893 est.

131 936 182 1000 11.
205 934 399 1021 Magnitudo
413 935 637 1022 magnitudine
656 935 777 1001 maior
795 939 846 999 est
861 935 949 999 data
964 956 1074 1018 quarn

59 1043 106 1107 in
132 1041 314 1127 ratione,
346 1042 417 1127 ubi,
445 1041 555 1106 ablata
582 1042 672 1128 data,
704 1064 784 1126 quae
812 1040 1007 1124 relinquitur
1034 1041 1075 1104 ad

10 1215 12 1219 ,
58 1147 196 1213 eandem
220 1143 328 1213 datam
351 1148 451 1213 habet
473 1146 674 1234 rationem.¹)
848 1227 849 1230 Ἴ

134 1256 184 1318 12.
207 1254 401 1340 Magnitudo
415 1254 637 1340 magnitudine
652 1254 776 1319 minor
790 1260 839 1319 est
857 1255 946 1319 data
964 1276 1074 1337 quam

61 1361 105 1424 in
127 1362 294 1445 ratione,
323 1362 395 1446 ubi,
423 1361 532 1425 addita
555 1362 643 1447 data,
670 1366 777 1427 totum
802 1362 841 1426 ad
865 1362 997 1426 eandem
1021 1361 1076 1424 da-

62 1471 134 1532 tam
156 1465 256 1531 habet
279 1466 446 1531 rationem.

133 1572 199 1657 [13.
231 1571 406 1638 Deducta
433 1577 483 1638 est
510 1578 613 1658 recta,
640 1596 721 1659 quae
749 1596 768 1639 a
791 1574 867 1638 dato
890 1579 1011 1657 puncto
1036 1575 1075 1638 ad

62 1686 188 1743 rectam
209 1677 372 1762 positione
397 1679 506 1745 datam
529 1679 658 1745 ducitur
680 1680 715 1747 in
738 1680 814 1744 dato
838 1681 967 1765 angulo.

135 1787 185 1849 14.
205 1784 354 1854 ,Ereota
373 1789 538 1869 ostreata,
561 1808 642 1869 quae
662 1809 682 1849 a
700 1785 776 1850 dato
794 1791 916 1870 puncto
935 1787 1077 1850 inrecta

63 1890 230 1976 positione
255 1892 330 1956 data
354 1891 482 1956 ducitur
503 1892 539 1955 in
562 1892 638 1956 dato
663 1892 790 1977 angulo.

137 1999 186 2063 15.
222 1996 279 2062 Ad
310 1997 507 2082 positione
540 1999 667 2063 datam
699 2002 749 2062 est
775 2003 878 2084 reeta,
910 2020 991 2081 quae
1018 2019 1077 2082 per

65 2105 182 2169 datum
208 2107 366 2189 punctum
392 2108 499 2169 rectae
525 2104 687 2189 positione
716 2106 810 2170 datae
837 2103 992 2189 parallela
1021 2104 1077 2168 du·

63 2207 205 2296 citur.]²)

556 2371 581 2435 I.

133 2493 293 2559 Daturum
317 2495 579 2581 magnitudinum
602 2495 686 2561 ratio
709 2497 794 2562 inter
818 2517 851 2560 se
875 2496 951 2560 data
973 2500 1032 2561 est.
1122 2463 1128 2502 ἶ

132 2601 229 2665 datae
262 2602 329 2666 sint
360 2601 600 2688 magnitudines
633 2608 665 2667 A
670 2655 679 2688 ,
706 2608 743 2666 Β.
796 2603 882 2688 dice,
917 2602 1078 2667 rationem

62 2707 170 2792 ipsius
193 2713 232 2772 A·
249 2708 289 2772 ad
312 2713 341 2771 Β
365 2731 434 2773 esse
458 2699 593 2774 datam.¹

141 2976 167 3041 1)
181 2989 213 3025 u.
232 2971 353 3024 Hultseh
371 2971 401 3024 in
419 2971 509 3041 Pappi
529 2971 595 3027 edit.
614 2972 671 3026 uol.
690 2973 702 3025 I
720 2974 807 3041 praef.
826 2991 852 3042 p.
872 2971 969 3026 XXIV.
1123 3028 1126 3032 .

139 3046 166 3111 2)
185 3041 255 3097 Deff.
272 3047 375 3094 13-15
395 3041 431 3096 ab
445 3042 562 3097 Euclide
580 3060 638 3097 non
651 3046 822 3112 usurpantur
841 3046 869 3097 et
888 3059 905 3096 a
924 3040 1077 3095 scholiasta

65 3112 220 3182 Apollonio
239 3112 409 3168 tribuuntur.
447 3114 494 3168 cfr.
516 3114 601 3170 schol.
620 3131 661 3168 nr.
682 3119 723 3168 13.

64 3364 186 3417 εὐθεῖαν
209 3363 306 3416 Vatv.
398 3360 560 3432 ἀναγομένη
580 3365 610 3434 β,
632 3362 701 3416 item
724 3361 772 3416 lin.
792 3367 835 3416 20.
926 3367 968 3415 11.
991 3361 1021 3414 τὸ
1046 3360 1077 3413 α’

64 3441 158 3504 σχῆμα
176 3433 207 3486 in
225 3436 318 3503 textu,
343 3433 373 3487 α’
393 3432 424 3486 in
441 3452 497 3503 mg.
518 3435 542 3504 β,
620 3439 662 3490 22.
683 3433 790 3505 dlalt.)]
810 3449 863 3487 om.
883 3435 909 3504 β.
982 3437 1024 3486 24,
1043 3430 1078 3485 τὰ

63 3501 206 3574 δεδομένα
225 3523 250 3560 a.
324 3502 438 3574 μεγέθει
457 3522 482 3561 a.
556 3509 597 3559 25.
618 3502 690 3560 ἐστίν
709 3505 739 3561 Ρ.
