2400 3840
124 124 165 188 75
526 124 730 176 AEAOMENA.

122 279 161 354 τῇ
187 271 267 351 ΘΚ,
295 269 386 332 ἔστιν
409 268 473 352 ι’ίρα
497 266 542 343 ὡς
564 265 584 349 ἡ
608 270 674 330 ΑΒ
697 267 781 353 πρὸς
803 267 865 350 τὴν
887 267 960 349 ΒΓ,
989 265 1098 342 οὕτως
1121 266 1144 349 ἡ

122 379 194 439 ΗΘ
217 376 300 460 πρὸς
322 375 383 458 τὴν
408 377 483 438 ΘΚ.
528 372 630 438 πάλιν
653 371 725 438 ἐπεί
746 371 837 437 ἐστιν
860 371 905 448 ὡς
926 370 947 454 ἡ
971 373 1041 435 ΒΓ
1058 372 1144 458 πρὸς

123 483 183 565 τὴν
208 485 282 564 ΓΑ,
314 480 421 556 οὕτως
448 479 468 562 ἡ
496 484 528 544 Β
554 480 638 564 πρὸς
664 480 726 561 τὴν
751 482 793 561 Ζ,
827 483 881 560 ίση
909 473 947 541 δὲ
973 476 994 560 ἡ
1023 474 1085 561 μὲν
1112 483 1147 542 Ε

124 598 164 673 τῇ
190 590 271 670 ΘΚ,
303 586 323 669 ἡ
348 583 384 650 δὲ
409 590 437 649 Ζ
459 596 499 671 τῇ
522 588 609 669 ΗΚ,
642 587 732 649 ἔστιν
755 585 820 670 ἄρα
847 583 892 660 ὡς
918 582 939 666 ἡ
962 586 1031 647 ΒΓ
1058 585 1144 670 πρὸς

88 695 183 778 στῆν
209 697 279 776 ΓΑ,
302 692 407 768 οὕτως
429 690 450 774 ἡ
476 695 545 755 ΘΚ
563 693 647 777 πρὸς
669 692 731 774 τὴν
749 694 829 754 ΚΗ.
867 688 1001 773 ἐδείχθη
1025 687 1064 754 δὲ
1086 689 1142 755 κοιλ

123 799 167 876 ὡς
190 798 210 881 ἡ
230 803 296 863 ΑΒ
319 799 402 884 πρὸς
424 799 485 882 τὴν
504 800 577 880 ΒΓ,
601 796 707 872 οὕτως
730 797 750 879 ἡ
776 799 848 860 ΘΗ
866 796 950 882 πρὸς
971 797 1033 879 τὴν
1060 800 1142 860 ΘΚ·

123 903 168 969 δι’
191 911 266 969 ίσου
289 906 354 990 ἄρα
377 902 468 968 ἐστὶν
492 902 536 979 ὡς
558 901 579 985 ἡ
603 906 670 967 ΑΒ
693 903 777 987 πρὸς
799 903 861 985 τὴν
883 905 959 985 ΑΓ,
990 902 1097 979 οὕτως
1121 901 1141 984 ἡ

125 1014 198 1074 ΘΗ
219 1011 303 1095 πρὸς
330 1011 391 1093 τὴν
414 1012 495 1073 ΗΚ.
542 1009 659 1092 ὅμοιον
686 1010 751 1093 ἄρα
780 1005 849 1072 ἐστὶ
877 1007 915 1071 τὸ
938 1011 1045 1072 ΑΒΓ
1072 1012 1141 1093 τρί-

123 1139 234 1198 γωνον
255 1125 301 1203 τῷ
325 1118 437 1179 ΗΘΚ
456 1115 617 1201 τριγώνῳ.
662 1112 795 1179 δέδοται
820 1109 856 1177 δὲ
879 1114 916 1177 τὸ
939 1116 1052 1177 ΗΘΚ
1072 1117 1141 1200 τρί-

71 1234 104 1280 10
123 1245 234 1303 γωνον
261 1230 306 1308 τῷ
335 1222 429 1285 sitta·
462 1219 595 1285 δέδοται
618 1222 682 1306 ἄρα
704 1217 761 1284 καὶ
783 1220 821 1284 τὸ
844 1222 954 1283 ΑΒΓ
974 1221 1142 1304 τρίγωνον

123 1337 167 1391 τῶ
192 1327 281 1390 etta.

598 1509 666 1569 μγ·

189 1608 265 1674 Ἐὰν
291 1609 459 1694 τριγώνου
487 1608 700 1696 ὀρθογωνίου
727 1605 803 1694 περὶ
831 1611 911 1692 μίαν
933 1619 1002 1672 τῶν
1024 1605 1142 1685 ὀξειῶν

86 1707 89 1715 ’
124 1726 256 1798 γωνιῶν
284 1716 322 1780 αλ
345 1714 487 1800 πλευραὶ
515 1717 598 1800 πρὸς
625 1714 769 1797 ἀλλήλας
796 1717 897 1796 λόγον
925 1716 1023 1798 ἔχωσι
1047 1714 1141 1778 δεδο-

72 1834 105 1881 15
124 1819 236 1905 μένον,
259 1819 391 1886 δέδοται
414 1822 451 1886 τὸ
475 1824 640 1906 τρίγωνον
661 1829 707 1908 τῷ
733 1820 822 1884 εἴδει.

190 1929 356 2013 τριγώνου
379 1929 442 2012 γὰρ
467 1926 680 2013 ὀρθογωνίου
703 1935 764 1990 τοῦ
786 1930 894 1991 ΑΒΓ
915 1925 1026 2011 ὀρθὴν
1049 1927 1141 2009 έχον-

122 2057 179 2110 tog
201 2035 262 2117 τὴν
284 2033 350 2098 ὑπὸ
373 2043 440 2097 τῶν
458 2037 560 2098 ΒΑΓ
577 2035 714 2115 γωνίαν,
736 2029 812 2118 περὶ
834 2034 915 2116 μίαν
937 2042 1005 2096 τῶν
1023 2028 1141 2108 ὀξειων

123 2140 226 2204 αὐτοῦ
250 2151 382 2221 γωνιῶν
404 2139 466 2221 τὴν
487 2139 553 2203 ὑπὸ
576 2141 681 2202 ΑΒΓ
701 2138 738 2202 οιί
758 2135 899 2223 πλευραὶ
923 2138 960 2201 ιιί
981 2141 1053 2221 ΓΒ,
1073 2142 1141 2202 ΒΑ

122 2247 206 2329 πρὸς
240 2244 382 2327 ἀλλήλας
410 2246 511 2326 λόγου
539 2242 701 2328 ἐχέτωσαν
729 2243 923 2328 δεδομένον·
956 2241 1056 2327 λέγω,
1091 2244 1141 2309 ὅτι

70 2361 104 2409 20
124 2349 255 2414 δέδοται
278 2353 315 2414 τὸ
339 2352 446 2414 ΑΒΓ
462 2351 628 2434 τρίγωνον
650 2358 696 2438 τῷ
721 2350 811 2414 τίθει.

191 2455 349 2520 ἐκκείσθω
378 2455 441 2540 γὰρ
469 2465 509 2540 τῇ
537 2454 631 2521 θέσει
659 2454 715 2521 κοιλ
742 2465 788 2543 τῷ
815 2454 949 2540 μεγέθει
977 2454 1140 2540 δεδομένη

123 2561 240 2625 εὐθεῖα
263 2559 282 2642 ἡ
306 2566 389 2643 ΛΕ,
412 2558 468 2624 καί
489 2561 673 2646 γεγράφθω
697 2560 750 2627 έιιὶ
772 2572 830 2647 τῆς
851 2567 922 2627 ΛΕ
942 2560 1142 2646 ἡμικύκλιον

123 2668 160 2730 τὸ
182 2670 305 2730 ΔΗΕ·
338 2665 431 2731 θέσει
455 2668 519 2754 ἄρα
543 2665 612 2732 ἐστὶ
639 2670 676 2733 τὸ
699 2672 809 2747 ΑΗΕ
832 2667 1038 2751 ἡμικύκλιον.
1085 2666 1140 2733 καὶ

124 2768 193 2835 ἐπεὶ
215 2774 312 2854 λόγος
336 2771 405 2837 ἐστὶ
427 2783 485 2858 τῆς
504 2777 565 2838 ΓΒ
587 2774 671 2859 πρὸς
688 2775 750 2857 τὴν
769 2778 831 2837 ΒΑ
854 2775 979 2857 θοθείς,
1002 2773 1021 2838 ὁ
1040 2774 1142 2850 αὐτὸς

70 2890 104 2938 25
124 2877 212 2964 αὐτῷ
236 2876 397 2960 γεγονέτω
421 2878 439 2945 ὁ
463 2888 522 2962 τῆς
538 2885 608 2944 ΛΕ
628 2880 711 2964 πρὸς
733 2880 795 2961 τὴν
814 2883 856 2943 Ζ·
880 2881 978 2960 λόγος
1000 2881 1066 2964 ἄρα
1085 2879 1141 2944 καὶ

87 3148 91 3153 .
195 3112 218 3160 2.
240 3107 310 3177 ΗΘ]
330 3107 387 3161 ΔΘ
406 3104 433 3159 b.
498 3104 561 3176 τήν]
580 3122 632 3159 om.
653 3104 679 3158 b.
741 3103 827 3175 ἐστιν]
847 3121 900 3159 om.
920 3123 945 3160 v.
1019 3111 1045 3161 4.
1067 3108 1140 3178 ΘΚ]

124 3181 151 3229 Κ
167 3176 240 3246 vat,
260 3177 324 3231 add.
342 3179 367 3232 Θ
385 3195 421 3230 m.
437 3181 461 3229 2.
535 3181 559 3229 5.
581 3176 652 3247 ΘΚ]
672 3177 730 3231 ΚΘ
748 3174 775 3231 b.
851 3181 873 3230 7.
894 3177 956 3247 ΑΒ]
976 3181 1021 3229 ΒΑ
1040 3177 1139 3233 Vatv.

158 3250 227 3319 ΑΓ]
248 3252 303 3301 ΒΓ
317 3247 343 3302 b.
413 3252 437 3301 8.
459 3247 534 3317 HK]
553 3248 610 3301 ΚΘ
628 3246 655 3300 b.
730 3251 771 3301 12.
792 3247 853 3317 μγ]
873 3247 921 3314 μδ’
941 3246 968 3301 b.
1040 3253 1082 3303 15.
1103 3254 1141 3321 τῷ

124 3316 204 3390 είδει]
227 3327 260 3390 τῇ
284 3315 363 3372 θέσει
387 3319 413 3371 b.
506 3323 547 3371 16.
566 3317 703 3386 τριγώνου
721 3349 756 3357 -
774 3334 800 3385 p.
821 3321 864 3386 80,
886 3323 908 3372 7.
934 3317 979 3371 ἐπὶ
997 3318 1050 3388 τὴν
1068 3325 1092 3372 Α
1099 3321 1140 3391 Γ]

122 3403 218 3442 eorum
226 3389 288 3443 loeo
298 3389 329 3442 in
338 3389 381 3443 ba,
390 3387 437 3441 hie
446 3390 561 3456 propter
570 3387 836 3442 transmutationem
849 3387 982 3442 foliorum
993 3391 1029 3458 (u.
1040 3391 1140 3461 praef.)

122 3459 309 3530 reperiuntur,
335 3476 407 3527 quae
426 3458 559 3528 leguntur
581 3477 608 3527 p.
628 3464 675 3528 56,
695 3464 736 3512 14.
761 3456 916 3529 γεγράφθω
934 3491 970 3500 -
989 3466 1032 3515 20.
1053 3460 1140 3531 ἐστιν,
