2400 3840
119 153 184 220 306
547 153 711 206 senona.

118 302 163 378 ώς
186 297 223 365 ὀὶ
245 301 265 384 ἡ
289 303 360 364 ΑΓ
376 300 459 384 πρὸς
481 301 563 381 ΔΒ,
591 296 697 373 οὕτως
719 295 740 379 ἡ
766 301 839 361 ΘΗ
856 298 940 382 πρὸς
962 302 1050 381 ΜΛ,
1077 295 1125 362 καὶ

117 408 163 484 ὡς
181 410 245 494 ἄρα
264 408 284 491 ἡ
305 410 378 471 ΘΗ
395 407 478 490 πρὸς
496 408 577 487 ΜΛ,
601 404 707 480 οὕτως
725 403 807 488 αὐτὴ
827 405 847 488 ἡ
868 408 941 468 ΘΗ
954 405 1039 489 πρὸς
1059 407 1127 468 ΖΚ.

117 515 157 579 τα
177 511 213 579 δὲ
231 515 314 599 πρὸς
332 515 370 578 τὸ
389 512 469 577 αὐτὸ
493 512 553 576 τὸν
571 511 674 576 αὐτὸν
693 513 809 594 ἔχοντα
833 513 935 593 λόγον
959 516 1014 575 ἴσα
1033 510 1128 594 ἀλλή-

118 626 188 698 λοις
212 621 314 686 ἐστίν·
343 625 396 703 ἴση
420 620 484 704 ἄρα
507 617 527 700 ἡ
551 622 632 683 ΛΜ
649 627 689 703 τῇ
712 621 787 681 ΚΖ.

82 813 98 861 5
462 794 514 860 Ad
538 817 628 879 prop.
651 793 780 859 LXXX.

187 925 259 988 167.
295 920 440 987 Δι’ὀοται
467 923 532 1007 ἄρα
558 921 596 986 τὸ
624 923 723 985 ΑΔΒ
751 942 781 1002 p.
802 919 876 1005 156,
900 918 934 1003 7]
964 917 1034 984 ἐπεὶ
1062 943 1128 1005 τρι-

117 1031 229 1113 γώνου
257 1037 317 1093 τοῦ
341 1033 440 1093 ΑΒΔ
468 1029 505 1093 αἱ
530 1039 618 1113 τρεῖς
645 1029 763 1109 γωνίαι
791 1024 890 1091 δυσὶν
917 1025 1039 1112 ὀρθαῖς
1063 1031 1130 1090 ἴσαι

118 1139 213 1218 εἰσίν,
237 1130 284 1199 ὧν
307 1135 327 1218 ἡ
350 1135 415 1199 ὑπὸ
434 1138 533 1200 ΑΔΒ
557 1134 645 1220 ὀρθῇ
669 1133 769 1216 ἐστιν,
792 1131 905 1198 λοιπαὶ
928 1135 993 1219 ἄρα
1011 1134 1050 1197 αἱ
1065 1132 1129 1196 ὑπὸ

117 1245 232 1323 ΔΑΒ,
256 1244 356 1305 ΑΒΔ
388 1250 447 1327 μιῇ
479 1240 567 1325 ὀρθῇ
600 1246 668 1304 ἴσαι
701 1242 795 1305 εἰσίν.
846 1237 915 1304 ἐπεὶ
947 1234 1010 1304 οὖν
1043 1238 1129 1325 ὀρθῇ

65 1361 98 1410 10
118 1344 202 1413 οὖσα
229 1348 249 1431 ἡ
277 1347 342 1411 ὑπὸ
365 1351 465 1411 ΑΔΒ
493 1345 640 1430 ὀέὀοται,
671 1344 727 1411 καὶ
750 1348 787 1411 αἱ
806 1345 872 1410 ὑπὸ
894 1350 1010 1429 ΔΑΒ,
1030 1350 1130 1410 ΑΒΔ

116 1464 176 1542 μιᾷ
195 1454 282 1540 ὀρθῇ
301 1449 399 1519 οὖσαι
418 1459 487 1518 ἴσαι
506 1452 671 1537 δέδονται,
690 1448 737 1517 ὧν
753 1453 773 1536 ἡ
788 1453 852 1517 ὑπὸ
866 1456 965 1517 ΔΑΒ
986 1450 1131 1534 δέδοται,

116 1560 172 1626 καὶ
204 1562 302 1645 λοιπὴ
335 1562 399 1645 ἄρα
431 1560 451 1643 ἡ
479 1559 544 1625 ὑπὸ
572 1564 672 1626 ΑΒΔ
700 1558 840 1624 ὀέόοται.
888 1558 945 1624 ἐὰν
972 1559 1037 1644 γὰρ
1066 1558 1130 1623 ἀπὸ

118 1666 298 1752 ὀεόομένου
323 1667 503 1752 ὀεόομένον
525 1667 706 1753 ἀφαιρεθῇ,
728 1665 783 1731 καὶ
806 1667 843 1731 τὸ
866 1666 1131 1749 ὑπολειπόμενον

118 1773 258 1839 ὀέόοται.

67 1913 100 1961 15
188 1901 261 1965 168.
291 1904 371 1976 Πῶς
389 1900 426 1964 τὸ
445 1899 510 1964 ὑπὸ
528 1909 595 1963 τών
615 1900 771 1981 ΒΓ,ΑΒ
787 1897 963 1962 διπλάσιόν
983 1896 1052 1962 ἐστι
1071 1907 1132 1963 τοῦ

118 2010 222 2072 ΑΒΓ
237 2007 417 2092 τριγώνου;
441 2008 535 2089 ἤχθω
550 2005 607 2069 διὰ
620 2012 680 2069 τοῦ
695 2010 727 2068 A
745 2013 785 2089 τῇ
799 2007 868 2068 ΒΓ
880 2002 1092 2089 παράλληλος
1110 2003 1130 2086 ἡ

117 2118 227 2196 ΔΑΖ,
247 2114 304 2177 διὰ
322 2109 359 2177 δὲ
377 2124 444 2177 τῶν
458 2117 497 2195 Β,
513 2114 545 2175 Γ
557 2121 596 2196 τῇ
611 2114 680 2175 ΑΕ
695 2110 900 2195 παράλληλοι
917 2109 938 2193 ἡ
956 2114 1034 2192 ΔΒ,
1051 2114 1132 2175 ΖΓ·

117 2221 153 2284 τὸ
181 2223 254 2284 ΔΓ
280 2221 344 2305 ἄρα
376 2220 719 2304 παραλληλόγραμμον
750 2215 932 2302 περιέχεται
963 2216 1029 2281 ὑπὸ
1063 2228 1132 2282 τῶν

118 2329 190 2410 ΓΒ,
210 2330 285 2390 ΒΔ·
319 2331 373 2409 ἴση
397 2321 434 2388 ὀὲ
456 2324 476 2407 ἡ
501 2328 563 2388 ΒΔ
585 2333 625 2408 τῇ
648 2327 730 2387 ΑΕ·
758 2324 795 2387 τὸ
819 2324 883 2408 ἄρα
905 2325 977 2386 ΔΓ
999 2321 1069 2387 ἐστι
1092 2323 1130 2387 τὸ

63 2445 97 2493 20
116 2432 181 2496 ὑπὸ
204 2442 271 2496 τῶν
294 2433 371 2513 ΒΓ,
390 2434 459 2494 ΑΕ
483 2433 716 2516 περιεχόμενον
739 2428 950 2515 ὀρθογώνιον
980 2432 1040 2493 καί
1061 2428 1130 2494 ἐστι

117 2538 293 2603 διπλάσιον
320 2545 379 2600 τοῦ
403 2539 509 2601 ΑΒΓ
530 2537 704 2622 τριγώνου.
751 2536 809 2602 ἐὰν
836 2536 899 2620 γὰρ
922 2539 1130 2620 παραλληλόὸ

189 2729 474 2798 167.Ρ11Ῑο6.τσρ1;
497 2727 528 2782 in
547 2726 660 2784 δέδοται
678 2728 727 2785 lin.
748 2734 780 2782 12
801 2728 857 2784 des.
877 2727 992 2796 Vahop.
1069 2733 1129 2782 168.

116 2801 294 2869 ΡΝαόυρλ.

116 2913 328 2922 -ι-

187 2986 211 3034 1.
230 2979 248 3049 ῇ
264 2981 337 3051 (pr.)]
357 2996 409 3034 om.
429 2979 503 3034 Mon.
579 2979 652 3050 ΘΗ]
674 2982 737 3035 ΘΝ
751 2979 860 3047 Mona,
879 2977 948 3032 item
966 2976 1015 3031 lin.
1036 2983 1052 3030 2
1073 2981 1127 3031 utr.

154 3057 178 3105 3.
202 3051 283 3122 αότό]
307 3053 382 3123 αὐτῷ
400 3050 473 3104 Mon.
564 3050 634 3104 Post
656 3050 725 3105 αότό
742 3049 773 3102 in
791 3070 806 3117 ρ
825 3049 912 3105 τόπον
934 3047 1048 3118 punctis
1073 3048 1128 3104 del.

150 3122 289 3193 ἀλλήλους]
313 3143 366 3176 -ων
386 3143 409 3188 ρ.
505 3127 529 3177 4,
558 3120 615 3193 ἴση]
639 3121 683 3190 ἴση
708 3119 781 3176 ἐστίν
801 3142 824 3187 ρ.
916 3127 939 3174 6.
964 3116 1131 3244 ἐπείῇγέπεὶ

116 3193 169 3263 γάρ
193 3194 287 3248 Vaho.
377 3193 513 3261 τριγώνου
531 3201 581 3247 τοῦ
600 3194 688 3264 ΑΒΔ]
711 3201 760 3247 τοῦ
779 3197 855 3246 ΑΒΔ
872 3190 1008 3260 τριγώνου
1059 3193 1128 3245 aba.

154 3271 177 3320 7.
201 3265 290 3335 ΑΒΔ]
310 3270 359 3318 ΑΔ
377 3263 415 3318 11.
506 3269 530 3319 9.
554 3269 605 3337 μιᾷ
624 3263 710 3335 ὀρθῇ]
730 3271 795 3331 μιᾶς
814 3263 903 3333 ὀρθῆς
922 3262 1001 3316 codd.
1086 3268 1129 3315 11.

119 3372 181 3444 μιᾷ]
202 3370 258 3426 ἄνα
277 3370 345 3424 Plv.
402 3369 460 3424 ἴσαι
475 3367 557 3425 οόσαι
574 3371 669 3438 Vane.
743 3376 784 3424 12.
804 3371 886 3440 λοιπὴ
902 3369 957 3438 ἄρα
970 3369 1001 3513 ἡ]
1021 3354 1053 3422 λό
1072 3368 1090 3438 ἡ
1109 3367 1129 3424 l.

154 3448 195 3496 17.
222 3444 291 3514 ZP]
314 3446 372 3495 ΖΗ
388 3463 411 3510 ρ.
502 3448 544 3498 21.
565 3440 616 3496 ἐών
635 3473 668 3482 -
687 3461 713 3512 p.
730 3448 790 3512 307,
806 3448 830 3498 3.
849 3443 984 3510 τριγώνου
1021 3440 1055 3495 τὸ
1074 3445 1136 3495 ΔΓ

116 3511 405 3583 παραλληλόγραμμον
424 3515 534 3583 (comp.)
553 3514 668 3581 Vahoq.
