2400 3840
142 162 206 225 122
544 162 751 215 ΔΕΔΟΜΕΝΑ.

208 309 290 371 ἔστω
323 307 488 391 τρίγωνον
519 305 556 369 τὸ
586 308 692 370 ΑΒΓ
715 303 899 389 δεδομένην
926 307 1004 389 ἔχον
1031 309 1161 388 γωνίαν

143 415 205 497 την
231 413 315 497 πρὸς
342 420 387 496 τῷ
415 416 459 475 Α·
493 408 592 494 λέγω,
621 411 672 476 ὅτι
699 412 736 476 τὸ
765 411 830 476 ὑπὸ
857 421 925 476 τῶν
952 415 1054 477 ΒΑΓ
1076 415 1162 500 πρὸς

141 521 178 583 τὸ
202 520 308 582 ΑΒΓ
327 521 493 603 τρίγωνον
515 519 617 598 λόγον
640 520 705 600 ἔχει
729 515 917 602 δεδομένον.

207 626 302 707 ἤχθω
327 623 390 708 γὰρ
415 621 478 687 ἀπὸ
502 631 563 687 τοῦ
586 626 614 686 Β
640 620 693 687 ἐπὶ
716 624 777 706 τὴν
795 626 868 688 ΑΓ
885 624 1026 700 κόθετος
1047 624 1067 708 η
1087 629 1160 691 BA.

110 739 126 786 5
146 727 216 794 εἰιελ
239 725 301 794 οὖν
325 728 465 793 δοθεῖσα
489 727 579 793 ἐστιν
601 727 621 811 η
645 728 710 793 ὑπὸ
734 739 802 792 τῶν
824 732 927 794 ΒΑΓ
944 734 1064 814 γωνία,
1089 734 1160 796 ἔστι

143 832 180 900 δὲ
206 833 262 899 καὶ
289 833 310 917 ἡ
338 834 403 898 ὑπὸ
431 844 499 898 τῶν
521 838 620 898 AAB
649 837 755 915 γωνία
783 835 938 918 δοθεῖσα,
970 834 1026 899 ταὶ
1058 839 1158 921 λοιπὴ

142 943 206 1027 όίρα
224 942 244 1024 η
263 941 327 1005 ὑπὸ
347 944 447 1004 ΑΒΔ
469 943 575 1021 γωνία
594 938 739 1004 δέδοται·
764 939 897 1005 δέδοται
917 943 982 1026 ἄρα
1000 942 1037 1006 τὸ
1057 947 1159 1006 ΑΒΔ

141 1051 306 1133 τρίγωνον
329 1056 374 1133 τῷ
398 1047 488 1110 είδει.
525 1048 623 1128 λόγος
646 1048 709 1131 ἄρα
733 1044 802 1110 ἐστὶ
826 1056 883 1129 τῆς
904 1052 969 1110 ΑΒ
993 1048 1076 1132 πρὸς
1093 1051 1157 1132 τὴν

142 1157 205 1218 BA
232 1154 356 1229 δοθείς.
410 1153 455 1229 ὡς
482 1149 519 1217 δὲ
546 1151 567 1234 ἡ
590 1156 656 1217 ΑΒ
684 1154 768 1238 πρὸς
790 1156 867 1237 BA,
901 1153 1007 1230 οὕτως
1029 1155 1066 1218 τὸ
1090 1154 1157 1220 ὑπὸ

89 1267 123 1315 10
141 1270 209 1323 τῶν
231 1262 332 1324 ΒΑΓ
353 1260 437 1344 πρὸς
459 1259 495 1323 τὸ
519 1258 584 1323 ὑπὸ
608 1269 676 1323 τῶν
697 1262 770 1342 BA,
789 1264 821 1322 Α
827 1261 860 1323 Γ
866 1279 873 1293 ·
906 1260 989 1323 ὥστε
1016 1258 1071 1323 καὶ
1095 1269 1157 1324 τοῦ

139 1364 205 1430 ὑπὸ
228 1376 296 1430 τῶν
318 1368 420 1430 ΒΑΓ
439 1366 522 1450 πρὸς
545 1365 582 1429 τὸ
605 1364 670 1428 ὑπὸ
694 1375 762 1428 τῶν
784 1368 857 1448 BA,
876 1367 947 1429 ΑΓ
965 1368 1063 1447 λόγος
1086 1364 1158 1430 ἐστὶ

141 1474 263 1546 δοθείς.
300 1480 360 1536 τοῦ
384 1468 421 1535 δὲ
443 1471 509 1536 ὑπὸ
533 1481 600 1535 τῶν
620 1473 696 1554 ΑΓ,
715 1474 778 1535 BA
800 1472 884 1556 πρὸς
906 1472 943 1535 τὸ
962 1474 1068 1536 ΑΒΓ
1086 1475 1156 1558 τρί-

139 1602 251 1660 γωνον
273 1580 371 1660 λόγος
394 1576 464 1642 ἐστὶ
487 1578 616 1653 δοθείς·
639 1575 695 1641 καὶ
718 1586 778 1641 τοῦ
801 1577 866 1642 ὑπὸ
886 1588 953 1642 τῶν
971 1581 1073 1643 ΒΑΓ
1091 1581 1157 1664 ἄρα

139 1686 223 1770 πρὸς
245 1686 282 1749 τὸ
306 1687 412 1749 ΑΒΓ
429 1686 594 1770 τρίγωνον
617 1686 716 1765 λόγος
738 1681 807 1747 ἐστὶ
831 1684 953 1760 δοθείς.

87 1918 120 1966 15
619 1909 674 1988 ξζ’

203 2034 279 2100 Ἐὰν
312 2037 477 2119 τρίγωνον
510 2031 692 2117 δεδομένην
725 2036 781 2118 έχη
809 2037 951 2116 γωνίαν,
984 2028 1011 2121 ᾧ
1043 2039 1155 2119 μεῖζον

139 2142 301 2206 δύνανται
320 2142 357 2204 αί
373 2141 434 2223 τὴν
449 2138 633 2224 δεδομένην
647 2142 774 2221 γωνίαν
788 2138 1000 2224 περιέχουσαι
1014 2140 1155 2226 πλευραὶ

139 2248 184 2325 ὡς
206 2251 264 2331 μία
287 2255 347 2311 τοῦ
372 2244 435 2310 ἀπὸ
459 2254 517 2328 τῆς
540 2250 665 2329 λοιπῆς,
690 2245 795 2310 έκεῖνο
814 2247 851 2317 τὸ
870 2249 995 2332 χωρίον
1013 2249 1097 2332 πρὸς
1115 2249 1153 2313 τὸ

138 2356 303 2438 τρίγωνον
325 2354 426 2433 λόγον
449 2349 512 2428 ἔξει
536 2350 724 2435 δεδομένον.

84 2465 120 2512 20
205 2462 286 2522 ἔστω
315 2460 480 2542 τρίγωνον
511 2457 548 2521 τὸ
578 2460 683 2522 ΑΒΓ
711 2456 893 2541 δεδομένην
921 2460 997 2542 ἔχον
1025 2463 1153 2540 γωνίαν

137 2565 199 2646 την
221 2562 285 2627 ὑπὸ
309 2574 376 2628 τῶν
398 2565 511 2627 ΒΑΓ·
545 2561 643 2647 λέγω,
667 2564 727 2646 ὅτι,
751 2557 779 2650 ᾦ
801 2566 910 2647 μεῖζόν
934 2563 1002 2628 ἐστι
1025 2565 1062 2629 τὸ
1087 2565 1152 2631 ἀπὸ

138 2666 392 2754 συναμφοτέρου
420 2678 478 2752 τῆς
500 2672 602 2734 ΒΑΓ
624 2678 683 2734 τοῦ
707 2668 770 2733 ἀπὸ
794 2679 852 2752 τῆς
873 2672 951 2753 ΒΓ,
984 2669 1089 2734 έκεῖνο
1113 2673 1151 2737 τὸ

137 2780 261 2860 χωρίον
283 2776 367 2860 πρὸς
388 2777 425 2840 τὸ
445 2778 551 2840 ΑΒΓ
568 2778 733 2861 τρίγωνον
755 2778 858 2856 λόγον
876 2778 941 2858 ἔχει
961 2775 1152 2860 δεδομένον.

204 2881 333 2963 διήχθω
362 2883 425 2966 γὰρ
455 2879 504 2946 ἐπ’
531 2882 662 2957 εὐθείας
692 2890 750 2965 τῆς
777 2886 844 2945 ΑΒ
878 2881 994 2945 εὐθεῖα
1023 2882 1043 2965 η
1070 2887 1152 2965 ΑΔ,

83 2993 118 3041 25
137 2985 192 3051 καὶ
214 2991 338 3052 κείσθω
362 2996 401 3072 τῇ
420 2993 453 3052 Α
459 2990 492 3052 Γ
511 2993 564 3069 λ’ση
584 2986 604 3069 η
623 2992 698 3070 AA,
721 2985 776 3051 καὶ
796 2986 1023 3070 ἐπιζευχθεῖσα
1043 2985 1064 3069 ἡ
1084 2992 1117 3051 A
1123 2991 1157 3052 Γ

137 3093 266 3177 διηχθω
291 3091 344 3158 ε’τιλ
367 3095 404 3159 τὸ
427 3099 471 3177 Ε,
501 3091 556 3158 καὶ
578 3095 672 3175 ἤχθω
697 3093 753 3157 διὰ
776 3102 835 3158 τοῦ
859 3097 887 3157 Β
911 3103 951 3179 τῇ
974 3096 1045 3158 ΑΓ
1067 3116 1152 3178 παρ-

207 3354 332 3426 1.χέον]
353 3370 488 3409 -ovcorr
509 3370 573 3407 ex·
561 3373 669 3408 w-vm.
690 3361 750 3409 λε’.
842 3354 1150 3478 λψπδςτῷΑχνπδ

151 3425 331 3479 ῶιι.ΒΑΓλ)
431 3426 485 3496 τω]
509 3424 589 3479 τόΡ.
690 3430 714 3479 3.
739 3423 989 3547 ΑΒΓτρίγωνον]
1014 3424 1054 3477 ὑπ
1093 3433 1150 3479 τῶν

134 3443 218 3546 ΑωΒΓ
232 3495 258 3548 b.
334 3494 400 3565 ἔχει]
422 3479 520 3549 om..b
600 3501 623 3549 7.
648 3493 735 3565 γωνία
755 3493 856 3549 δέδοτα
859 3494 919 3566 ι]ἐ
920 3511 963 3549 στι
981 3495 1149 3550 δοθεῖσαλ).
