2400 3840
516 173 680 252 scflom.
1033 169 1098 234 319

156 319 230 383 201.
253 315 325 400 ’Ίση
344 318 419 403 ἄρα,
438 320 552 401 φησίν,
576 315 620 392 ὡς
638 317 658 399 ἡ
679 321 751 380 ΖΗ
764 327 803 402 τῇ
823 321 900 400 ΗΔ,
923 314 1016 398 καὶὴ
1038 320 1100 380 ΘΖ

87 435 128 510 τῇ
161 429 244 488 ΑΛ·
283 425 441 505 ἰσογώνια
473 424 536 508 γὰρ
569 424 609 487 τὰ
641 427 768 506 ΑΔΗ,
795 427 904 487 ΗΘΖ
941 427 1099 509 τρίγωνα·

86 533 309 616 παραλλήλων
341 531 404 615 γὰρ
438 530 548 595 οὐσῶν
581 541 648 594 τῶν
680 535 760 613 ΑΛ,
782 534 862 613 ΕΘ,
894 531 932 594 αἱ
961 527 1099 607 ἐναλλὰξ

87 641 207 719 γωνίαι
235 638 272 701 αλ
296 637 361 701 ὑπὸ
385 640 504 720 ΑΔΗ,
524 640 628 700 ΗΖΘ
657 642 725 701 λ’σαι
752 638 845 701 εἰσίν.
891 635 955 701 εἰσὶ
983 633 1019 701 δὲ
1043 637 1099 701 διὰ

90 745 150 809 τὸν
173 743 276 807 αὐτὸν
299 745 399 824 λόγον
425 741 482 807 καὶ
505 744 542 807 αἱ
562 743 627 808 ὑπὸ
650 747 765 826 ΔΛΘ,
784 747 885 808 ΑΘΖ
910 749 979 808 λσαι
1002 742 1100 826 ἀλλη-
1137 754 1152 802 5

89 856 174 926 λαις·
207 848 262 915 καὶ
293 851 329 914 αἱ
358 851 441 935 πρὸς
473 858 518 937 τῷ
546 854 586 913 Η
612 851 694 914 κατὰ
725 852 878 935 κορυφὴν
906 845 1003 915 οὖσαι
1032 855 1100 914 λ’σαι

88 959 188 1022 εἰσίν·
218 960 307 1022 ἔστιν
335 957 412 1042 ἄρα,
440 957 483 1031 ὡς
510 955 530 1038 ἡ
555 960 626 1020 ΗΘ
652 958 735 1037 πρὸς
757 960 844 1039 ΗΑ,
876 955 896 1039 ἡ
922 960 994 1020 ΖΗ
1016 957 1100 1042 πρὸς

88 1067 168 1128 ΗΛ.
215 1069 269 1146 λση
294 1059 330 1127 δὲ
353 1061 372 1144 ἡ
399 1066 472 1126 ΘΗ
494 1073 533 1148 τῇ
557 1067 642 1127 ΗΑ·
676 1069 729 1147 λ’ση
753 1065 816 1148 ἄρα
840 1061 895 1127 καὶ
921 1064 941 1147 ἡ
966 1067 1037 1127 ΖΗ
1060 1073 1100 1149 τῇ

89 1174 170 1234 ΗΛ.
218 1169 338 1254 ὁμοίως
361 1167 415 1233 καὶ
438 1169 458 1252 ἡ
485 1173 547 1234 ΘΖ
570 1178 609 1255 τῇ
632 1176 703 1234 ΑΛ
727 1176 781 1253 ἴση
806 1168 903 1235 ἐστίν.

156 1295 231 1360 208.
258 1291 374 1359 Δοθὲν
392 1296 456 1380 ἄρα
475 1295 547 1360 ἐστί
562 1319 592 1379 p.
610 1297 682 1380 186,
703 1295 757 1379 15]
781 1295 818 1359 τὸ
836 1295 902 1360 ὑπὸ
920 1305 987 1360 τῶν
1001 1300 1101 1360 ΕΖΘ
1119 1306 1153 1355 10

91 1399 193 1465 δοθέν
218 1399 285 1466 ἐστι
310 1402 425 1465 διὰτὸ
449 1400 514 1484 ηβ’.

162 1600 222 1648 207.
242 1595 408 1661 PVat.v⁶0.
483 1598 543 1647 208.
563 1594 592 1647 P.

160 1771 454 1845 mfflmmR
