2400 3840
129 127 193 190 144
529 130 733 193 ΔΕᾼΟΜΕΝΑ.

98 339 103 349 ,
127 278 211 356 ΕΗ,
234 276 303 338 ἔστι
326 269 363 338 δὲ
385 271 441 338 καλ
466 274 657 357 ἰσογώνιον,
682 283 749 339 τῶν
774 277 851 357 ΓΘ,
870 278 944 339 ΕΗ
963 276 1028 358 ἄρα
1051 273 1143 338 ἀντι-

127 383 335 445 πεπόνθασιν
358 381 395 445 αί
410 378 550 465 πλευραὶ
573 381 610 444 αί
629 378 705 465 περὶ
723 381 781 456 τὰς
800 386 873 456 ίσας
891 384 1027 462 γωνίας·
1050 383 1143 445 ἔστιν

128 489 192 571 ἄρα
215 488 260 561 ὡς
281 485 302 568 ἡ
327 489 387 551 ΓΒ
411 488 494 571 πρὸς
517 488 578 570 την
602 490 684 569 ΖΗ,
712 487 818 562 οὕτως
840 486 861 569 ἡ
885 492 947 551 ΕΖ
975 488 1058 572 πρὸς
1080 488 1144 571 τὴν

128 597 201 658 ΓΚ.
247 603 305 677 της
332 589 368 657 δὲ
397 596 464 657 ΓΚ
492 593 575 677 πρὸς
602 595 663 677 την
690 597 760 658 ΑΓ
789 595 886 675 λόγος
916 591 984 658 ἐστὶ
1012 594 1142 669 δοθείς·

93 704 218 765 ὅέστιν
241 702 305 786 ἄρα
328 699 373 776 ὡς
395 699 415 782 η
435 703 496 765 ΓΒ
519 701 602 785 πρὸς
624 701 686 783 τὴν
705 704 783 781 ΖΗ,
807 700 912 776 οὕτως
933 701 953 783 ἡ
972 705 1035 764 ΕΖ
1059 702 1144 784 πρὸς

129 807 171 889 ἣν
194 808 214 891 η
237 810 308 871 ΑΓ
326 809 427 889 λόγον
450 809 515 890 ἔχει
538 803 727 890 δεδομένον.

193 915 238 998 μὴ
262 917 343 978 ἔστω
364 914 405 996 δὴ
428 914 615 996 ἰσογώνιον,
638 910 693 977 καὶ
711 910 899 976 συνεστάτω
918 914 1002 994 πρὸς
1020 923 1059 998 τῇ
1080 916 1142 977 ΓΒ

128 1020 245 1106 εὐθείᾳ
266 1018 322 1085 καὶ
344 1029 390 1108 τῷ
413 1021 496 1101 πρὸς
518 1019 601 1105 αὐτῇ
625 1022 747 1106 σημείῳ
771 1029 816 1106 τῷ
837 1022 869 1083 Γ
886 1028 926 1103 τῇ
948 1019 1014 1084 ὑπὸ
1037 1023 1148 1083 ΕΖΗ

127 1130 233 1212 γωνίᾳ
261 1132 315 1209 ίση
339 1127 359 1210 ἡ
381 1126 446 1191 ὑπὸ
470 1136 538 1190 τῶν
560 1131 592 1190 Λ
598 1129 673 1209 ΓΒ,
700 1124 756 1190 καὶ
779 1126 1076 1211 συμπεπληρώσθω
1104 1129 1142 1190 τὸ

47 1265 48 1268 “
76 1243 110 1291 10
129 1236 207 1297 ΓΜ
223 1235 576 1317 παραλληλόγραμμον.

195 1337 264 1403 ἐπεὶ
286 1335 347 1404 οὖν
370 1341 472 1421 λόγος
491 1336 560 1402 ἐστὶ
583 1347 643 1402 τοῦ
668 1341 729 1404 ΓΛ
755 1340 838 1425 πρὸς
861 1340 898 1404 τὸ
921 1343 995 1403 ΕΗ
1017 1340 1142 1419 δοθείς,

131 1451 204 1510 ἴσον
227 1441 264 1510 δὲ
286 1447 324 1510 τὸ
344 1449 405 1510 ΓΛ
426 1454 472 1533 τῷ
492 1448 573 1527 ΓΜ,
597 1447 695 1527 λόγος
713 1447 778 1530 ἄρα
797 1443 866 1510 ἐστὶ
884 1453 944 1509 τοῦ
964 1448 1042 1509 ΓΜ
1058 1447 1144 1528 πρὸς

128 1553 166 1616 τὸ
185 1556 259 1616 ΕΗ
279 1552 402 1628 δοθείς.
437 1555 496 1616 καί
512 1551 602 1616 ἐστιν
626 1557 680 1635 ίση
704 1552 724 1635 ἡ
742 1551 808 1616 ὑπὸ
828 1562 896 1616 τῶν
914 1555 1012 1616 ΛΓΒ
1036 1556 1143 1634 γωνία

128 1667 168 1743 τῇ
190 1658 255 1723 ὑπὸ
279 1669 346 1723 τῶν
360 1663 478 1723 ΕΖΗ·
502 1661 593 1723 ἔστιν
617 1660 681 1743 ἄρα
704 1658 749 1735 ὡς
766 1659 786 1742 η
802 1661 862 1722 ΓΒ
885 1659 969 1739 πρὸς
986 1660 1048 1742 την
1064 1663 1143 1742 ΖΗ,

79 1775 111 1823 15
131 1765 236 1840 οὕτως
263 1765 283 1848 η
311 1769 374 1829 ΕΖ
405 1765 488 1849 πρὸς
515 1763 557 1847 ἣν
585 1765 605 1848 η
630 1767 690 1829 ΓΛ
722 1766 823 1846 λόγον
856 1766 921 1847 ἔχει
953 1763 1143 1849 δεδομένον.

129 1880 187 1954 της
210 1868 246 1935 δὲ
266 1874 326 1936 ΓΑ
348 1870 432 1956 πρὸς
449 1872 511 1954 τὴν
530 1873 589 1935 ΓΛ
612 1873 709 1954 λόγος
730 1869 799 1936 ἐστὶ
819 1872 945 1948 δοθείς·
969 1874 1060 1936 ἔστιν
1080 1874 1144 1953 ἄρα

130 1977 174 2053 ὡς
197 1978 217 2061 ἡ
237 1981 297 2042 ΓΒ
320 1978 403 2063 πρὸς
424 1979 486 2061 την
505 1981 582 2061 ΖΗ,
606 1977 711 2053 οὕτως
734 1978 838 2061 ηΕΖ
861 1978 944 2062 πρὸς
966 1977 1009 2058 ἣν
1032 1978 1052 2061 η
1076 1982 1147 2044 ΑΓ

129 2087 231 2166 λόγον
253 2087 318 2168 ἔχει
342 2080 529 2166 δεδομένον.

608 2240 666 2307 οε’.

78 2379 113 2427 20
195 2365 272 2431 Ἐδιν
299 2367 361 2430 δύο
389 2369 535 2451 τρίγωνα
566 2367 649 2451 πρὸς
676 2368 801 2449 ἄλληλα
834 2369 935 2449 λόγον
962 2369 1019 2453 ἔχη
1048 2368 1143 2432 δεδο-

129 2470 241 2557 με’νον,
264 2473 337 2555 ἤτοι
361 2471 397 2537 ἐν
421 2478 508 2547 ίσαις
531 2475 668 2555 γωνίαις
690 2471 711 2555 ἢ
735 2472 772 2538 ἐν
794 2471 922 2549 ἀνίσοις
944 2472 1020 2558 μέν,
1048 2476 1143 2539 δεδο-

130 2578 243 2662 μέναις
271 2577 322 2661 δέ,
350 2581 440 2642 ἔσται
468 2578 513 2654 ὡς
540 2579 560 2662 η
585 2587 645 2643 τοῦ
668 2580 802 2664 πρώτον
825 2580 952 2665 πλευρὰ
974 2582 1059 2660 πρὸς
1081 2583 1143 2665 την

129 2694 189 2749 τοῦ
218 2683 375 2770 δευτέρον
403 2684 564 2769 πλευρόν,
597 2686 703 2762 οὕτως
729 2684 750 2768 η
778 2683 871 2771 ἑτέρα
898 2695 959 2751 τοῦ
983 2686 1141 2772 δευτέρον

128 2792 255 2877 πλευρὰ
276 2791 359 2876 πρὸς
381 2790 424 2874 ἣν
446 2791 467 2875 η
489 2794 587 2876 λοιτη
610 2794 821 2877 τοῦτομόνον
840 2796 1025 2877 λόγονέχει
1047 2795 1141 2858 δεδο-

76 2912 109 2961 25
128 2897 237 2984 μόνον.

201 3061 224 3109 1.
245 3054 547 3126 ἔστι-ΕΗ]οιο.λ).
622 3054 694 3111 ἔστιν
713 3074 739 3112 v.
811 3062 835 3110 3.
856 3057 921 3128 EZ]
941 3072 1009 3111 corr.
1026 3072 1060 3110 ex
1080 3059 1143 3110 ΕΗ

129 3146 165 3181 m.
185 3134 200 3180 2
220 3145 245 3195 v,
265 3126 334 3179 item
352 3125 400 3180 lin.
421 3131 445 3179 ὃ.
513 3131 538 3180 4.
557 3127 628 3198 ΑΓ]
647 3133 697 3181 ΑΒ
715 3145 742 3182 v.
811 3131 839 3183 5.·
855 3126 904 3181 καί
922 3127 996 3182 ἐστιν
1015 3145 1040 3182 v.
1115 3133 1140 3181 6.

129 3197 165 3266 ἣν
184 3199 214 3269 ἡ]
232 3196 284 3264 τήν
302 3197 329 3265 b,
348 3195 417 3250 item
435 3195 483 3251 lin.
501 3202 541 3251 17.
603 3198 732 3252 ΗΑΓΙ).
806 3204 829 3254 7.
849 3197 930 3270 πρός]
950 3215 1002 3252 om.
1022 3216 1053 3268 v,
1074 3198 1139 3253 add.

128 3287 164 3324 m.
185 3280 209 3322 2.
266 3275 289 3323 8.
309 3269 391 3339 αὐτῇ]
411 3267 500 3335 αὐτήν
518 3267 545 3322 b.
604 3277 659 3324 τῶν
678 3272 769 3323 ΕΖΗ
784 3269 810 3324 b.
872 3277 895 3324 9.
915 3267 980 3341 καί]
999 3269 1140 3338 om.Vat.‚

130 3341 193 3394 add.
204 3359 239 3394 m.
251 3346 275 3393 2.
332 3345 372 3393 12.
394 3336 424 3393 δὲ
442 3338 485 3411 τό]
506 3336 620 3394 δέδοται
637 3339 664 3395 b.
721 3346 762 3394 13.
781 3338 846 3431 nal]
867 3340 957 3395 om.b.
1014 3346 1056 3395 14.
1071 3342 1138 3412 τῶν]

130 3427 183 3466 om.
202 3413 266 3465 Vat.
336 3416 376 3465 15.
398 3412 462 3482 EZ]
483 3414 544 3465 ΕΗ
559 3411 585 3465 b.
648 3411 719 3479 πρὸς
736 3410 784 3483 ἤν]
803 3431 855 3480 την
873 3412 900 3466 b.
966 3415 1014 3466 ΓΛ
1048 3415 1094 3466 ΓΛ
1112 3411 1140 3479 b,

130 3479 198 3534 item
217 3482 264 3535 lin.
285 3488 326 3536 16.
410 3486 450 3535 17.
475 3481 580 3554 vj(pr.)]
601 3500 685 3551 supra
704 3499 754 3537 scr.
773 3501 809 3538 m.
830 3491 846 3536 2
864 3500 889 3537 v.
964 3486 1015 3537 ΓΒ
1048 3487 1093 3537 ΓΑ
1112 3483 1140 3537 b.
