2400 3840
113 161 179 223 250
276 162 406 212 mmm
423 161 645 216 PHILOSOPHI
663 160 949 212 COMMENTARIUS

112 304 278 389 εὑρίσκειν
304 304 364 369 τὸν
386 301 513 368 τέλειον
539 311 600 366 τοῦ
623 299 804 386 δεδομένον
828 301 977 387 ὁρισμόν.
1024 303 1130 386 δῆλον

112 409 163 491 δέ,
192 411 243 475 ὅτι
270 408 325 474 καὶ
348 407 505 487 ἐξισάζειν
531 410 605 491 ἤτοι
633 406 865 493 ἀντιστρέφειν
889 407 995 473 αὐτὸν
1017 409 1130 492 δεήσει

112 518 195 601 πρὸς
226 517 263 581 τὸ
291 515 439 601 όριστόν·
475 512 531 579 καὶ
558 515 622 599 γάρ
649 523 748 578 τοῦτο
779 514 942 599 ὑπάρχειν
973 516 1029 579 δεῖ
1059 527 1131 592 τοῖς

112 622 225 708 ὀρθῶς
248 621 501 705 ἀποδιδομένοις
523 621 682 707 ὁρισμοῖς.
723 624 791 686 ἔστι
813 617 851 686 δὲ
872 629 934 685 τοῦ
955 620 1131 706 προκειμέ·

78 748 175 796 ονον
212 736 363 804 τοιοῦτος
404 727 440 793 έν
475 725 536 812 μέν
572 739 643 804 τοῖς
679 726 906 812 ἁπλούστερον
941 726 1131 812 είρημάιοις

112 835 263 920 ὁρισμοῖς
294 835 312 901 ό
341 836 378 900 τὸ
405 838 549 919 πόριμον
576 833 787 919 ὁρισάμενος,
818 832 855 898 έν
882 828 920 897 δέ
946 844 1017 910 τοῖς
1046 850 1130 919 συμ

111 941 348 1026 πεπλεγμένοις
370 940 389 1006 ό
412 941 449 1005 τὸ
472 941 642 1025 γνώριμον
664 940 731 1023 ἅμα
749 937 805 1004 καλ
822 942 979 1024 πόριμον·
1003 938 1132 1017 ἀτελεῖς

112 1045 150 1112 δὲ
176 1050 212 1112 οί
237 1045 347 1112 λοιποὶ
373 1046 501 1123 πάντες.
546 1046 709 1129 οὔτεγὰρ
733 1045 752 1111 ό
775 1046 812 1110 τὸ
835 1030 1035 1130 πεπνιγμένον
1059 1047 1131 1132 όρι-

114 1157 247 1237 ζόμενος
276 1152 442 1237 αὐτάρκης
472 1153 556 1238 πρὸς
582 1153 643 1235 τὴν
670 1160 731 1216 τοῦ
755 1150 941 1236 δεδομένον
966 1155 1131 1238 περιοχὴν

61 1279 94 1326 10
114 1259 170 1322 διὰ
192 1260 229 1323 τὸ
248 1261 328 1342 μήτε
345 1267 413 1322 πᾶν
431 1258 511 1341 μήτε
527 1259 633 1342 μόνον
650 1259 688 1323 τὸ
707 1257 906 1343 τεταγμένον
924 1252 1010 1324 εἶναι
1028 1281 1131 1324 κατα-

113 1367 248 1448 ληπτόν,
271 1363 355 1430 ἀλλά
376 1361 432 1428 καὶ
454 1375 522 1428 τῶν
544 1363 695 1429 ἀτάκτων
717 1363 803 1448 τινά,
826 1364 872 1442 ὡς
894 1363 1130 1430 ἐπιδέδεικται·

112 1472 189 1536 οὔτε
220 1471 345 1548 ἐκεῖνος
372 1471 485 1547 ίκανὸς
516 1470 534 1536 ὁ
562 1471 733 1557 γνώριμον
764 1471 847 1536 αὐτὸ
874 1470 1130 1556 ἀφοριζόμενος·

112 1575 191 1642 οὐδὲ
218 1579 404 1664 γάρτοῦτο
431 1586 499 1642 πᾶν
522 1576 590 1642 ἐστι
612 1580 836 1661 καταληπτόν,
867 1579 899 1642 εί
924 1575 980 1642 καὶ
1007 1580 1130 1662 μόνον·

112 1686 149 1749 τὸ
177 1686 240 1770 γάρ
268 1686 440 1767 ἄγνωστον
468 1684 529 1748 οὐκ
556 1683 599 1748 διν
622 1689 672 1766 εῖη
695 1686 913 1767 καταληπτόν.
959 1681 1040 1749 οὐδὲ
1062 1687 1131 1770 μὴν

60 1790 130 1856 1οὸ
154 1791 256 1876 ῥητὸν
278 1789 360 1855 αὐτὸ
383 1789 650 1875 ἀποφαινόμενος
673 1790 752 1876 ὅρος
774 1789 897 1866 τέλειος
919 1792 1023 1857 ἔσται·
1048 1789 1130 1857 οὐδὲ

112 1898 175 1980 γὰρ
203 1904 302 1961 τοῦτο
329 1899 434 1980 μόνον
460 1899 683 1979 καταληπτόν,
716 1893 786 1961 ἐπεὶ
815 1894 871 1961 καὶ
898 1907 966 1962 τῶν
994 1888 1142 1980 ἀλόγων

112 2003 200 2067 τινά·
225 2008 304 2079 ἴσως
326 2000 364 2068 δὲ
387 1998 465 2069 οὐδὲ
487 2012 554 2068 πᾶν
575 2003 613 2067 τὸ
637 2003 739 2088 ῥητὸν
761 2005 980 2087 καταληπτόν,
1004 2003 1051 2081 ώς
1072 2002 1130 2070 καὶ

111 2118 211 2173 τοῦτο
239 2110 413 2194 διώρισται
439 2113 610 2194 πρότερον.
656 2113 801 2174 λείπεται
828 2110 870 2194 δὴ
899 2108 936 2174 ἐν
958 2120 1029 2186 τοῖς
1052 2109 1129 2176 ὀνο-

112 2226 277 2298 μαστικῶς
290 2214 547 2300 ἀποδεδομένοις
560 2216 598 2280 τὸ
612 2217 766 2301 πόριμον,
785 2216 865 2301 ὅπερ
880 2217 974 2281 δοκεῖ
985 2216 1130 2300 μάλιστα

58 2337 93 2386 20
111 2323 173 2406 τὴν
200 2321 386 2404 κατάληψιν
413 2321 599 2405 έμφαίνειν·
635 2318 692 2387 καὶ
723 2322 787 2406 γάρ
818 2331 887 2387 πᾶν
917 2323 955 2387 τὸ
982 2325 1130 2408 πόριμον

111 2427 320 2509 καταληπτὸν
337 2425 393 2491 καὶ
410 2429 523 2511 μόνον.
560 2438 606 2515 τῷ
626 2425 663 2492 δὲ
677 2429 816 2516 τοιοότφ
835 2426 891 2493 καὶ
909 2428 927 2494 ό
942 2429 1129 2512 Εὐκλείδης

112 2531 272 2615 ἐχρήσατο
286 2531 353 2619 όρφ
372 2533 413 2596 τά
426 2533 498 2615 εῖδη
517 2541 577 2597 τοῦ
591 2532 774 2618 δεδομένον
787 2534 895 2600 πάντα
908 2534 1127 2620 ὑπογράφων.

111 2648 179 2701 τῶν
202 2634 240 2701 δὲ
262 2636 437 2704 συνθέτων
456 2638 605 2723 ὁρισμῶν
622 2643 725 2724 μόνος
746 2639 870 2718 τέλειός
889 2641 979 2706 έστιν
1002 2641 1127 2723 όγνώ-

112 2767 211 2831 ριμον
243 2745 310 2828 ἀμα
341 2743 398 2809 καὶ
424 2748 569 2832 πόριμον
600 2747 637 2811 τὸ
666 2745 846 2831 δεδομένον
878 2747 1128 2832 ἀφοριζόμενος,

58 2866 92 2914 κο
111 2851 200 2934 γένει
227 2848 288 2937 μὲν
314 2851 481 2934 ἀνάλογον
512 2855 597 2936 ἔχων
630 2854 668 2918 τὸ
696 2854 880 2938 γνώριμον,
912 2854 1061 2940 διαφορᾷ
1088 2850 1127 2918 δὲ

111 2960 148 3024 τὸ
170 2960 322 3043 πόριμον.
363 2957 381 3023 ὁ
405 2954 443 3023 δὲ
465 2957 664 3042 τεταγμένον
687 2959 753 3042 άμα
775 2956 832 3023 καὶ
853 2961 997 3046 πόριμον
1017 2956 1128 3042 λέγων

112 3064 241 3147 ἀτελής·
274 3063 315 3128 οὐ
337 3068 423 3148 μόνα
446 3066 509 3151 γάρ
533 3065 573 3129 τά
595 3064 733 3129 τοιαῦτά
756 3064 825 3130 έστι
853 3063 1023 3150 δεδομένα.
1069 3063 1128 3130 καὶ

112 3168 130 3233 δ
152 3168 351 3253 τεταγμένον
377 3168 434 3234 καὶ
461 3171 563 3256 ῥητὸν
590 3170 712 3254 ὁμοίως
739 3169 896 3246 ίλλειπώς
916 3169 1060 3256 περιέχει
1087 3174 1127 3238 τὸ

181 3366 206 3415 4,
225 3359 447 3431 ἀποδεδομένας
464 3361 529 3417 Vat.
604 3366 645 3417 12.
665 3361 775 3505 ἱκανός]
794 3361 839 3417 bis
853 3380 879 3417 v.
953 3362 980 3434 ὁ]
1001 3379 1055 3418 om.
1070 3363 1126 3419 Pv.

147 3435 189 3484 20.
207 3431 340 3504 πόριμον]
359 3450 496 3502 ποριομον
515 3433 545 3487 P.
627 3438 669 3489 25.
691 3432 760 3504 ἔχων

68 3498 261 3616 {mnam}
280 3522 325 3565 '⁰9
342 3520 368 3558 V.
441 3502 540 3576 λέγων]
559 3500 628 3574 λέγω
647 3522 672 3558 v,
746 3433 857 3560 28,ἔδον
875 3434 941 3489 Μ’
1019 3439 1063 3491 26⁹
1082 3453 1128 3490 η’

824 3505 835 3575 ]
856 3521 909 3560 om.
929 3521 955 3559 v.
