2400 3840
118 168 180 232 156
518 168 723 219 AEAOMENA.

115 311 135 394 ἡ
165 310 201 377 δὲ
231 316 291 376 ΓΒ
323 320 381 395 τῆς
409 316 471 375 BA
503 312 641 396 δοθείσῃ
669 314 787 394 μείζων
815 313 910 374 ἔστω·
946 307 1045 391 λέγω,
1080 309 1131 374 ὅτι

116 418 255 483 δοθεῖσοί
279 417 368 482 ἐστιν
392 416 526 502 ἑκατέρα
549 428 617 482 τῶν
640 422 712 500 BA,
734 419 803 480 ΒΓ.

183 523 252 589 ἐπεὶ
285 526 349 609 γὰρ
382 523 402 606 ἡ
431 526 498 588 ΒΓ
525 532 583 607 τῆς
610 528 673 587 BA
705 524 844 606 δοθείσῃ
877 524 996 605 μείζων
1029 521 1130 604 ἐστιν,

116 633 198 696 ἔστω
222 631 242 714 ἡ
267 632 406 695 δοθεῖσα
429 629 449 712 ἡ
473 632 556 694 AF·
581 631 680 713 λοιπὴ
704 631 768 715 όίρα
791 629 811 712 ἡ
836 632 901 692 AB
925 638 965 713 τῇ
989 632 1051 692 ΒΑ
1076 634 1129 710 ίση

81 736 215 801 ὃέστίν.
271 735 326 800 καὶ
359 737 657 823 συμπεπληρώσθω
690 738 727 800 τὸ
755 741 829 799 AA.
884 732 940 799 καί
973 733 1042 799 ἐπεὶ
1075 741 1128 818 ἴση
1159 816 1163 821 ⁹

116 840 206 907 ἐστὶν
228 842 249 925 ἡ
273 847 338 906 ΑΒ
367 851 406 927 τῇ
429 847 512 926 AB,
546 846 644 924 λόγος
671 844 735 928 όίρα
763 839 832 906 ε’στὶ
862 849 920 924 τῆς
948 846 1014 905 AB
1047 843 1130 926 πρὸς

115 949 177 1031 τὴν
204 953 267 1012 BA
299 949 426 1024 δοθείς·
463 949 604 1013 δοθεῖσα
637 945 674 1013 δὲ
705 945 761 1012 καὶ
787 946 808 1029 ἡ
840 947 906 1012 ὑπὸ
934 958 1002 1012 τῶν
1030 952 1129 1012 ΑΒΔ

115 1057 233 1136 γωνία·
257 1054 389 1118 δέδοται
413 1056 477 1138 ἄρα
500 1056 537 1120 τὸ
557 1060 622 1118 AA
644 1064 690 1142 τῷ
714 1055 803 1118 εῖδει.
842 1053 911 1118 ἐπεὶ
930 1050 992 1120 οὗν
1010 1056 1047 1119 τὸ
1063 1057 1133 1119 AF

118 1156 222 1224 δοθὲν
251 1161 341 1245 παρὰ
372 1161 533 1224 δοθεῖσαν
565 1162 626 1245 τὴν
652 1164 725 1225 AF
751 1158 997 1244 παραβέβληται
1029 1161 1128 1244 ὑπερ-

63 1273 97 1322 10
115 1265 240 1348 βάλλον
263 1267 343 1329 εῖδει
364 1264 530 1353 δεδομένῳ
549 1276 595 1353 τῷ
616 1272 691 1350 AA,
715 1265 846 1331 δέδοται
866 1268 930 1352 όίρα
949 1268 986 1331 τὸ
1005 1267 1129 1343 πλάτος

114 1379 172 1453 τῆς
198 1371 397 1457 ὑπερβολῆς·
430 1373 570 1437 δοθεῖσα
598 1374 662 1457 ἄρα
691 1370 781 1437 ἐστὶν
804 1372 823 1455 ἡ
847 1377 919 1437 BA.
966 1372 1049 1437 ἀλλὰ
1072 1372 1128 1438 καὶ

113 1475 240 1558 ἡΛΓ·
274 1476 329 1543 καὶ
357 1479 416 1561 ὅλη
444 1480 508 1565 ίίρα
536 1478 556 1561 ἡ
585 1482 653 1544 ΒΓ
681 1480 820 1544 δοθεῖσοί
848 1478 947 1543 ἐστιν.
993 1482 1062 1543 ἔστι
1091 1477 1128 1544 δὲ

113 1580 168 1647 καὶ
196 1583 216 1666 ἡ
240 1589 305 1648 ΑΒ
336 1585 489 1650 δοθεῖσα·
523 1582 660 1671 ἑκατέρα
687 1586 752 1669 όίρα
779 1596 846 1649 τῶν
875 1589 950 1668 AB,
974 1590 1042 1649 BF
1071 1586 1127 1649 δο-

112 1690 211 1754 θεῖσοί
235 1689 333 1755 ἐστιν.

59 1838 92 1886 15
589 1832 651 1897 πε’.

176 1953 253 2019 Ἐὰν
272 1956 333 2019 δύο
353 1956 483 2021 εὐθεῖαι
502 1954 606 2021 δοθὲν
619 1960 744 2040 χωρίον
761 1955 960 2040 περιίχωσιν
979 1955 1015 2021 ἐν
1030 1958 1125 2021 δεδο-

111 2058 193 2145 με’νη
216 2064 331 2148 γωνίᾳ,
354 2056 376 2148 ᾗ
399 2059 436 2128 δὲ
459 2066 710 2147 συναμφότερος
733 2064 886 2147 δοθεῖσα,
910 2062 965 2129 καὶ
989 2061 1125 2149 ἑκατέρα

111 2166 222 2231 αὐτῶν
246 2170 336 2230 ἔσται
359 2168 508 2232 δοθεῖσα.

178 2273 240 2336 δύο
264 2274 326 2357 γὰρ
350 2273 480 2337 εὐθεῖαι
503 2275 540 2337 αί
561 2278 642 2358 AB,
660 2277 728 2338 BF
751 2271 856 2339 δοθὲν
883 2278 1007 2358 χωρίον
1034 2297 1125 2359 περι-

58 2387 92 2435 20
110 2376 274 2460 εχέτωσαν
292 2379 329 2442 τὸ
344 2381 415 2442 AF
434 2378 470 2443 ἐν
487 2378 647 2464 δεδομένη
667 2383 772 2467 γωνίᾳ
789 2389 829 2465 τῇ
847 2380 912 2445 ὑπὸ
932 2391 999 2445 τῶν
1013 2385 1124 2464 ΑΒΓ,

110 2480 166 2545 καὶ
189 2485 271 2547 ἔστω
299 2487 551 2570 συναμφότερος
578 2484 599 2568 ἡ
623 2489 728 2550 ΑΒΓ
751 2488 903 2551 δοθεῖσα·
941 2484 1040 2570 λέγω,
1073 2487 1124 2551 ὅτι

110 2585 166 2650 καὶ
190 2585 325 2675 ἑκατέρα
348 2600 416 2654 τῶν
438 2595 516 2673 AB,
534 2593 603 2655 ΒΓ
621 2575 690 2657 ἐστι
714 2593 862 2657 δοθεῖσα.

177 2694 307 2776 διήχθω
332 2696 395 2779 γὰρ
418 2695 438 2777 ἡ
464 2699 525 2760 ΓΒ
554 2696 606 2762 ἐπὶ
629 2700 667 2763 τὸ
691 2702 738 2782 A,
766 2697 822 2763 καὶ
844 2702 969 2764 κείσθω
993 2709 1032 2784 τῇ
1057 2704 1123 2763 AB

111 2804 165 2882 ίση
189 2798 208 2881 ἡ
233 2804 310 2884 BA,
337 2800 392 2865 καὶ
416 2803 472 2867 διὰ
495 2812 555 2867 τοῦ
578 2810 612 2868 A
638 2815 678 2890 τῇ
701 2809 764 2869 ΒΑ
791 2805 1001 2890 παράλληλος
1027 2807 1122 2889 ἤχθω

180 3069 203 3117 2.
225 3063 313 3188 ἐστινχ
330 3081 382 3119 om.
403 3064 429 3119 b.
502 3071 526 3132 3.Ι
547 3063 608 3118 ἐπεί
626 3097 660 3105 -
675 3072 699 3120 ό.
719 3068 780 3137 AA]
799 3084 855 3135 mg.
874 3084 911 3120 m.
928 3072 941 3120 1
962 3066 997 3133 P;
1016 3063 1122 3120 κείσθω

108 3133 161 3204 γὰρ
179 3143 213 3206 τῇ
233 3141 278 3188 BA
309 3152 341 3204 ση
360 3135 378 3204 ἡ
398 3141 460 3203 AB,
479 3136 527 3190 καί
547 3135 595 3190 διὰ
613 3145 663 3190 τοῦ
678 3143 704 3190 A
721 3145 755 3208 τῇ
772 3142 821 3191 AB
839 3135 1014 3206 παράλληλος
1032 3136 1122 3207 ἤχθω,

108 3222 126 3292 ἡ
149 3212 206 3278 AB
229 3223 285 3278 ἐστι
309 3226 428 3279 δοθεῖσα
447 3222 504 3292 ἄρα
523 3224 579 3278 ἐστὶ
597 3225 615 3294 ἡ
635 3229 694 3278 AF
711 3224 739 3278 b.
831 3230 856 3279 4.
882 3224 949 3279 ἔστω
967 3224 997 3295 ἡ]
1022 3242 1075 3279 om.
1096 3244 1121 3279 τ.

145 3297 201 3367 BA]
220 3301 270 3349 AB
284 3296 380 3350 θεῖν.
436 3299 461 3349 ό.
481 3292 530 3350 καί
544 3297 618 3368 (pr.)]
639 3312 692 3352 om.
707 3296 771 3351 vat.
829 3302 851 3350 7.
872 3297 991 3350 δοθεῖσα
1011 3293 1043 3349 δὲ
1062 3293 1122 3368 uon]

108 3365 156 3418 καί
176 3369 294 3420 δοθεῖσα
313 3366 339 3420 b.
420 3370 444 3420 8.
464 3363 555 3422 δοθὲν
573 3367 717 3422 τδΑΓὶ).
800 3373 842 3420 10.
861 3368 922 3437 AA]
941 3372 963 3420 A
982 3366 1009 3422 b.
1080 3374 1122 3421 11.

107 3442 156 3503 τῆς
173 3437 339 3508 ὑπερβολῆς]
358 3444 407 3491 τοῦ
426 3437 640 3508 δπερβλήματος·
655 3438 682 3491 b.
748 3439 808 3509 BA]
827 3442 880 3491 AB
898 3438 926 3492 b.
992 3443 1033 3491 12.
1055 3437 1111 3492 ἔστι

46 3501 182 3628 κἔστιν
200 3525 225 3560 v,
318 3513 359 3563 13.
380 3505 497 3576 ἑκατέρα
519 3541 549 3549 -
571 3514 612 3563 14.
633 3508 719 3580 ἐστιν]
738 3525 791 3563 om.
812 3508 838 3562 b.
931 3513 972 3563 16.
997 3510 1111 3563 εὐθεῖαι
