<?xml version="1.0" encoding="UTF-8"?>
<!DOCTYPE html PUBLIC "-//W3C//DTD XHTML 1.0 Transitional//EN"
    "http://www.w3.org/TR/xhtml1/DTD/xhtml1-transitional.dtd">
<html xmlns="http://www.w3.org/1999/xhtml" xml:lang="en" lang="en">
 <head>
  <title>
</title>
<meta http-equiv="Content-Type" content="text/html;charset=utf-8" />
  <meta name='ocr-system' content='tesseract 3.04.00' />
  <meta name='ocr-capabilities' content='ocr_page ocr_carea ocr_par ocr_line ocrx_word'/>
</head>
<body>
  <div class='ocr_page' id='page_1' title='image "./euclidisoperaom05unkngoog_0321.png"; bbox 0 0 2400 3840; ppageno 0'>
   <div class='ocr_carea' id='block_1_1' title="bbox 390 161 1073 225">
    <p class='ocr_par' dir='ltr' id='par_1_1' title="bbox 390 161 1073 225">
     <span class='ocr_line' id='line_1_1' title="bbox 390 161 1073 225; baseline 0.016 -11"><span class='ocrx_word' id='word_1_1' title='bbox 390 162 430 214; x_wconf 82' lang='lat' dir='ltr'>rr</span> <span class='ocrx_word' id='word_1_2' title='bbox 447 161 617 225; x_wconf 73' lang='lat' dir='ltr'>nucarum</span> <span class='ocrx_word' id='word_1_3' title='bbox 635 163 740 215; x_wconf 77' lang='lat' dir='ltr'>orm.</span> <span class='ocrx_word' id='word_1_4' title='bbox 1009 161 1073 224; x_wconf 66' lang='lat'>241</span> 
     </span>
    </p>
   </div>
   <div class='ocr_carea' id='block_1_2' title="bbox 56 303 1127 3361">
    <p class='ocr_par' dir='ltr' id='par_1_2' title="bbox 60 303 1075 708">
     <span class='ocr_line' id='line_1_2' title="bbox 60 303 1073 388; baseline 0.003 -20"><span class='ocrx_word' id='word_1_5' title='bbox 60 304 104 368; x_wconf 94' lang='lat' dir='ltr'>ob</span> <span class='ocrx_word' id='word_1_6' title='bbox 136 326 205 368; x_wconf 90' lang='lat' dir='ltr'>rem</span> <span class='ocrx_word' id='word_1_7' title='bbox 235 303 404 387; x_wconf 79' lang='lat' dir='ltr'>problema</span> <span class='ocrx_word' id='word_1_8' title='bbox 439 303 506 368; x_wconf 91' lang='lat' dir='ltr'>iam</span> <span class='ocrx_word' id='word_1_9' title='bbox 536 303 682 388; x_wconf 88' lang='lat' dir='ltr'>parabile</span> <span class='ocrx_word' id='word_1_10' title='bbox 715 309 766 369; x_wconf 84' lang='lat' dir='ltr'>eet</span> <span class='ocrx_word' id='word_1_11' title='bbox 803 309 860 369; x_wconf 90' lang='lat' dir='ltr'>aut</span> <span class='ocrx_word' id='word_1_12' title='bbox 893 305 1073 371; x_wconf 88' lang='lat' dir='ltr'>inuentum.</span> 
     </span>
     <span class='ocr_line' id='line_1_3' title="bbox 62 410 1075 497; baseline 0.005 -24"><span class='ocrx_word' id='word_1_13' title='bbox 62 432 161 493; x_wconf 90' lang='lat' dir='ltr'>quare</span> <span class='ocrx_word' id='word_1_14' title='bbox 185 410 341 494; x_wconf 84' lang='lat' dir='ltr'>quidquid</span> <span class='ocrx_word' id='word_1_15' title='bbox 363 414 496 475; x_wconf 91' lang='lat' dir='ltr'>notum</span> <span class='ocrx_word' id='word_1_16' title='bbox 518 414 583 496; x_wconf 84' lang='lat' dir='ltr'>est,</span> <span class='ocrx_word' id='word_1_17' title='bbox 611 432 677 475; x_wconf 90' lang='lat' dir='ltr'>non</span> <span class='ocrx_word' id='word_1_18' title='bbox 699 410 779 475; x_wconf 91' lang='lat' dir='ltr'>item</span> <span class='ocrx_word' id='word_1_19' title='bbox 805 411 995 497; x_wconf 88' lang='lat' dir='ltr'>parabile,</span> <span class='ocrx_word' id='word_1_20' title='bbox 1018 415 1075 478; x_wconf 86' lang='lat' dir='ltr'>sed</span> 
     </span>
     <span class='ocr_line' id='line_1_4' title="bbox 61 516 1075 604; baseline 0.004 -24"><span class='ocrx_word' id='word_1_21' title='bbox 61 516 219 601; x_wconf 88' lang='lat' dir='ltr'>quidquid</span> <span class='ocrx_word' id='word_1_22' title='bbox 250 516 426 601; x_wconf 87' lang='lat' dir='ltr'>parabile</span> <span class='ocrx_word' id='word_1_23' title='bbox 459 520 523 601; x_wconf 84' lang='lat' dir='ltr'>eet,</span> <span class='ocrx_word' id='word_1_24' title='bbox 553 516 640 581; x_wconf 87' lang='lat' dir='ltr'>idem</span> <span class='ocrx_word' id='word_1_25' title='bbox 667 522 815 603; x_wconf 76' lang='lat' dir='ltr'>notum3</span> <span class='ocrx_word' id='word_1_26' title='bbox 842 517 941 583; x_wconf 82' lang='lat' dir='ltr'>latius</span> <span class='ocrx_word' id='word_1_27' title='bbox 971 519 1075 604; x_wconf 84' lang='lat' dir='ltr'>igitur</span> 
     </span>
     <span class='ocr_line' id='line_1_5' title="bbox 60 622 638 708; baseline 0.002 -22"><span class='ocrx_word' id='word_1_28' title='bbox 60 626 153 706; x_wconf 88' lang='lat' dir='ltr'>patet</span> <span class='ocrx_word' id='word_1_29' title='bbox 174 626 307 687; x_wconf 87' lang='lat' dir='ltr'>notum</span> <span class='ocrx_word' id='word_1_30' title='bbox 331 645 428 708; x_wconf 88' lang='lat' dir='ltr'>quam</span> <span class='ocrx_word' id='word_1_31' title='bbox 450 622 638 706; x_wconf 88' lang='lat' dir='ltr'>parabile.</span> 
     </span>
    </p>

    <p class='ocr_par' dir='ltr' id='par_1_3' title="bbox 58 729 1127 2087">
     <span class='ocr_line' id='line_1_6' title="bbox 127 729 1073 816; baseline 0.004 -24"><span class='ocrx_word' id='word_1_32' title='bbox 127 751 238 793; x_wconf 84' lang='lat' dir='ltr'>rursus</span> <span class='ocrx_word' id='word_1_33' title='bbox 253 734 363 794; x_wconf 87' lang='lat' dir='ltr'>autem</span> <span class='ocrx_word' id='word_1_34' title='bbox 380 733 514 793; x_wconf 90' lang='lat' dir='ltr'>notum</span> <span class='ocrx_word' id='word_1_35' title='bbox 532 733 565 793; x_wconf 91' lang='lat' dir='ltr'>et</span> <span class='ocrx_word' id='word_1_36' title='bbox 582 729 776 795; x_wconf 78' lang='lat' dir='ltr'>rationale</span> <span class='ocrx_word' id='word_1_37' title='bbox 795 730 905 815; x_wconf 88' lang='lat' dir='ltr'>aliqua</span> <span class='ocrx_word' id='word_1_38' title='bbox 923 753 961 795; x_wconf 88' lang='lat' dir='ltr'>ex</span> <span class='ocrx_word' id='word_1_39' title='bbox 979 736 1073 816; x_wconf 88' lang='lat' dir='ltr'>parte</span> 
     </span>
     <span class='ocr_line' id='line_1_7' title="bbox 62 835 1074 923; baseline 0.005 -25"><span class='ocrx_word' id='word_1_40' title='bbox 62 839 256 920; x_wconf 83' lang='lat' dir='ltr'>congruunt,</span> <span class='ocrx_word' id='word_1_41' title='bbox 273 856 385 899; x_wconf 83' lang='lat' dir='ltr'>rursus</span> <span class='ocrx_word' id='word_1_42' title='bbox 400 839 509 899; x_wconf 90' lang='lat' dir='ltr'>autem</span> <span class='ocrx_word' id='word_1_43' title='bbox 523 835 675 901; x_wconf 86' lang='lat' dir='ltr'>differunt</span> <span class='ocrx_word' id='word_1_44' title='bbox 692 835 779 900; x_wconf 89' lang='lat' dir='ltr'>inter</span> <span class='ocrx_word' id='word_1_45' title='bbox 797 859 831 901; x_wconf 91' lang='grc'>00</span> <span class='ocrx_word' id='word_1_46' title='bbox 850 858 899 923; x_wconf 81' lang='lat' dir='ltr'>ee,</span> <span class='ocrx_word' id='word_1_47' title='bbox 921 859 985 921; x_wconf 88' lang='lat' dir='ltr'>quo</span> <span class='ocrx_word' id='word_1_48' title='bbox 1000 842 1074 903; x_wconf 88' lang='lat' dir='ltr'>ante</span> 
     </span>
     <span class='ocr_line' id='line_1_8' title="bbox 61 939 1075 1027; baseline 0.005 -24"><span class='ocrx_word' id='word_1_49' title='bbox 61 939 211 1026; x_wconf 75' lang='lat' dir='ltr'>diximus,</span> <span class='ocrx_word' id='word_1_50' title='bbox 224 942 427 1027; x_wconf 50' lang='lat' dir='ltr'>modo.‚nam</span> <span class='ocrx_word' id='word_1_51' title='bbox 441 940 546 1006; x_wconf 90' lang='lat' dir='ltr'>lineae</span> <span class='ocrx_word' id='word_1_52' title='bbox 559 941 772 1026; x_wconf 73' lang='lat' dir='ltr'>irrationales,</span> <span class='ocrx_word' id='word_1_53' title='bbox 788 964 867 1026; x_wconf 81' lang='lat' dir='ltr'>quae</span> <span class='ocrx_word' id='word_1_54' title='bbox 882 965 1075 1008; x_wconf 84' lang='lat' dir='ltr'>commemo-</span> 
     </span>
     <span class='ocr_line' id='line_1_9' title="bbox 61 1045 1074 1135; baseline 0.006 -27"><span class='ocrx_word' id='word_1_55' title='bbox 61 1045 220 1131; x_wconf 84' lang='lat' dir='ltr'>rauimus,</span> <span class='ocrx_word' id='word_1_56' title='bbox 241 1050 339 1111; x_wconf 87' lang='lat' dir='ltr'>notae</span> <span class='ocrx_word' id='word_1_57' title='bbox 362 1052 451 1131; x_wconf 81' lang='lat' dir='ltr'>sunt,</span> <span class='ocrx_word' id='word_1_58' title='bbox 473 1069 577 1131; x_wconf 89' lang='lat' dir='ltr'>neque</span> <span class='ocrx_word' id='word_1_59' title='bbox 600 1052 711 1112; x_wconf 87' lang='lat' dir='ltr'>tamen</span> <span class='ocrx_word' id='word_1_60' title='bbox 733 1048 863 1113; x_wconf 88' lang='lat' dir='ltr'>eaedem</span> <span class='ocrx_word' id='word_1_61' title='bbox 885 1049 1074 1135; x_wconf 76' lang='lat' dir='ltr'>rationales3</span> 
     </span>
     <span class='ocr_line' id='line_1_10' title="bbox 61 1153 1074 1240; baseline 0.005 -25"><span class='ocrx_word' id='word_1_62' title='bbox 61 1155 175 1216; x_wconf 87' lang='lat' dir='ltr'>eontra</span> <span class='ocrx_word' id='word_1_63' title='bbox 207 1153 312 1216; x_wconf 85' lang='lat' dir='ltr'>omnis</span> <span class='ocrx_word' id='word_1_64' title='bbox 344 1175 498 1218; x_wconf 86' lang='lat' dir='ltr'>numerus</span> <span class='ocrx_word' id='word_1_65' title='bbox 529 1154 699 1219; x_wconf 83' lang='lat' dir='ltr'>rationalis</span> <span class='ocrx_word' id='word_1_66' title='bbox 731 1159 798 1240; x_wconf 80' lang='lat' dir='ltr'>eat,</span> <span class='ocrx_word' id='word_1_67' title='bbox 828 1177 932 1239; x_wconf 89' lang='lat' dir='ltr'>neque</span> <span class='ocrx_word' id='word_1_68' title='bbox 964 1160 1074 1220; x_wconf 90' lang='lat' dir='ltr'>tamen</span> 
     </span>
     <span class='ocr_line' id='line_1_11' title="bbox 60 1256 1072 1346; baseline 0.005 -25"><span class='ocrx_word' id='word_1_69' title='bbox 60 1256 166 1322; x_wconf 82' lang='lat' dir='ltr'>omnis</span> <span class='ocrx_word' id='word_1_70' title='bbox 180 1263 287 1323; x_wconf 90' lang='lat' dir='ltr'>notus.</span> <span class='ocrx_word' id='word_1_71' title='bbox 324 1263 421 1342; x_wconf 90' lang='lat' dir='ltr'>atque</span> <span class='ocrx_word' id='word_1_72' title='bbox 439 1260 632 1325; x_wconf 76' lang='lat' dir='ltr'>rationale</span> <span class='ocrx_word' id='word_1_73' title='bbox 650 1260 702 1346; x_wconf 86' lang='lat' dir='ltr'>iis,</span> <span class='ocrx_word' id='word_1_74' title='bbox 724 1261 842 1344; x_wconf 86' lang='lat' dir='ltr'>quibus</span> <span class='ocrx_word' id='word_1_75' title='bbox 862 1263 974 1327; x_wconf 89' lang='lat' dir='ltr'>eadem</span> <span class='ocrx_word' id='word_1_76' title='bbox 987 1263 1072 1326; x_wconf 91' lang='lat' dir='ltr'>ratio</span> 
     </span>
     <span class='ocr_line' id='line_1_12' title="bbox 60 1364 1073 1454; baseline 0.004 -26"><span class='ocrx_word' id='word_1_77' title='bbox 60 1368 124 1449; x_wconf 82' lang='lat' dir='ltr'>est,</span> <span class='ocrx_word' id='word_1_78' title='bbox 154 1364 277 1448; x_wconf 87' lang='lat' dir='ltr'>pariter</span> <span class='ocrx_word' id='word_1_79' title='bbox 304 1364 497 1428; x_wconf 88' lang='lat' dir='ltr'>rationale</span> <span class='ocrx_word' id='word_1_80' title='bbox 526 1368 589 1449; x_wconf 85' lang='lat' dir='ltr'>est,</span> <span class='ocrx_word' id='word_1_81' title='bbox 619 1387 723 1450; x_wconf 92' lang='lat' dir='ltr'>neque</span> <span class='ocrx_word' id='word_1_82' title='bbox 748 1365 805 1430; x_wconf 91' lang='lat' dir='ltr'>uni</span> <span class='ocrx_word' id='word_1_83' title='bbox 832 1367 943 1451; x_wconf 90' lang='lat' dir='ltr'>aliqua</span> <span class='ocrx_word' id='word_1_84' title='bbox 968 1368 1073 1454; x_wconf 83' lang='lat' dir='ltr'>longi-</span> 
     </span>
     <span class='ocr_line' id='line_1_13' title="bbox 60 1457 1127 1555; baseline 0.004 -21"><span class='ocrx_word' id='word_1_85' title='bbox 60 1470 139 1534; x_wconf 87' lang='lat' dir='ltr'>tudo</span> <span class='ocrx_word' id='word_1_86' title='bbox 162 1457 332 1534; x_wconf 85' lang='lat' dir='ltr'>rationalis</span> <span class='ocrx_word' id='word_1_87' title='bbox 357 1470 432 1555; x_wconf 86' lang='lat' dir='ltr'>erit,</span> <span class='ocrx_word' id='word_1_88' title='bbox 463 1470 557 1534; x_wconf 86' lang='lat' dir='ltr'>alteri</span> <span class='ocrx_word' id='word_1_89' title='bbox 579 1492 646 1535; x_wconf 90' lang='lat' dir='ltr'>non</span> <span class='ocrx_word' id='word_1_90' title='bbox 669 1471 744 1552; x_wconf 82' lang='lat' dir='ltr'>erit3</span> <span class='ocrx_word' id='word_1_91' title='bbox 775 1493 852 1536; x_wconf 91' lang='lat' dir='ltr'>nam</span> <span class='ocrx_word' id='word_1_92' title='bbox 875 1473 915 1536; x_wconf 92' lang='lat' dir='ltr'>ad</span> <span class='ocrx_word' id='word_1_93' title='bbox 938 1475 1073 1538; x_wconf 83' lang='lat' dir='ltr'>eandem</span> <span class='ocrx_word' id='word_1_94' title='bbox 1125 1484 1127 1488; x_wconf 72' lang='lat'>‘</span> 
     </span>
     <span class='ocr_line' id='line_1_14' title="bbox 59 1576 1072 1663; baseline 0.005 -24"><span class='ocrx_word' id='word_1_95' title='bbox 59 1597 132 1641; x_wconf 90' lang='lat' dir='ltr'>eam</span> <span class='ocrx_word' id='word_1_96' title='bbox 163 1576 304 1641; x_wconf 78' lang='lat' dir='ltr'>referent</span> <span class='ocrx_word' id='word_1_97' title='bbox 332 1598 526 1641; x_wconf 88' lang='lat' dir='ltr'>mensuram.</span> <span class='ocrx_word' id='word_1_98' title='bbox 585 1577 642 1641; x_wconf 85' lang='lat' dir='ltr'>aed</span> <span class='ocrx_word' id='word_1_99' title='bbox 673 1578 785 1642; x_wconf 84' lang='lat' dir='ltr'>eadem</span> <span class='ocrx_word' id='word_1_100' title='bbox 811 1577 983 1663; x_wconf 81' lang='lat' dir='ltr'>longitudo</span> <span class='ocrx_word' id='word_1_101' title='bbox 1015 1580 1072 1644; x_wconf 90' lang='lat' dir='ltr'>uni</span> 
     </span>
     <span class='ocr_line' id='line_1_15' title="bbox 59 1682 1072 1768; baseline 0.003 -22"><span class='ocrx_word' id='word_1_102' title='bbox 59 1687 139 1747; x_wconf 87' lang='lat' dir='ltr'>nota</span> <span class='ocrx_word' id='word_1_103' title='bbox 175 1687 243 1766; x_wconf 82' lang='lat' dir='ltr'>est,</span> <span class='ocrx_word' id='word_1_104' title='bbox 284 1682 378 1746; x_wconf 87' lang='lat' dir='ltr'>alteri</span> <span class='ocrx_word' id='word_1_105' title='bbox 416 1704 483 1746; x_wconf 91' lang='lat' dir='ltr'>non</span> <span class='ocrx_word' id='word_1_106' title='bbox 524 1686 592 1768; x_wconf 84' lang='lat' dir='ltr'>est,</span> <span class='ocrx_word' id='word_1_107' title='bbox 633 1682 761 1748; x_wconf 86' lang='lat' dir='ltr'>etiamsi</span> <span class='ocrx_word' id='word_1_108' title='bbox 797 1685 909 1749; x_wconf 88' lang='lat' dir='ltr'>eadem</span> <span class='ocrx_word' id='word_1_109' title='bbox 945 1685 1072 1750; x_wconf 90' lang='lat' dir='ltr'>ratione</span> 
     </span>
     <span class='ocr_line' id='line_1_16' title="bbox 58 1788 1070 1856; baseline 0.004 -4"><span class='ocrx_word' id='word_1_110' title='bbox 58 1793 204 1853; x_wconf 88' lang='lat' dir='ltr'>utuntur.</span> <span class='ocrx_word' id='word_1_111' title='bbox 249 1788 389 1853; x_wconf 83' lang='lat' dir='ltr'>fortasse</span> <span class='ocrx_word' id='word_1_112' title='bbox 413 1793 523 1854; x_wconf 91' lang='lat' dir='ltr'>autem</span> <span class='ocrx_word' id='word_1_113' title='bbox 552 1789 652 1854; x_wconf 90' lang='lat' dir='ltr'>etiam</span> <span class='ocrx_word' id='word_1_114' title='bbox 678 1789 741 1855; x_wconf 87' lang='lat' dir='ltr'>hoo</span> <span class='ocrx_word' id='word_1_115' title='bbox 763 1789 836 1855; x_wconf 91' lang='lat' dir='ltr'>loeo</span> <span class='ocrx_word' id='word_1_116' title='bbox 864 1790 996 1856; x_wconf 83' lang='lat' dir='ltr'>difficile</span> <span class='ocrx_word' id='word_1_117' title='bbox 1020 1797 1070 1856; x_wconf 85' lang='lat' dir='ltr'>est</span> 
     </span>
     <span class='ocr_line' id='line_1_17' title="bbox 59 1894 1071 1983; baseline 0.003 -24"><span class='ocrx_word' id='word_1_118' title='bbox 59 1895 183 1980; x_wconf 87' lang='lat' dir='ltr'>aliquid</span> <span class='ocrx_word' id='word_1_119' title='bbox 206 1894 361 1981; x_wconf 81' lang='lat' dir='ltr'>inuenire,</span> <span class='ocrx_word' id='word_1_120' title='bbox 387 1895 473 1979; x_wconf 87' lang='lat' dir='ltr'>quod</span> <span class='ocrx_word' id='word_1_121' title='bbox 496 1895 582 1960; x_wconf 91' lang='lat' dir='ltr'>idem</span> <span class='ocrx_word' id='word_1_122' title='bbox 604 1895 762 1961; x_wconf 87' lang='lat' dir='ltr'>rationale</span> <span class='ocrx_word' id='word_1_123' title='bbox 786 1895 830 1961; x_wconf 86' lang='lat' dir='ltr'>sit</span> <span class='ocrx_word' id='word_1_124' title='bbox 853 1901 886 1961; x_wconf 90' lang='lat' dir='ltr'>et</span> <span class='ocrx_word' id='word_1_125' title='bbox 908 1897 1071 1983; x_wconf 78' lang='lat' dir='ltr'>ignotum3</span> 
     </span>
     <span class='ocr_line' id='line_1_18' title="bbox 58 2001 1070 2087; baseline 0.005 -23"><span class='ocrx_word' id='word_1_126' title='bbox 58 2006 195 2066; x_wconf 87' lang='lat' dir='ltr'>notum</span> <span class='ocrx_word' id='word_1_127' title='bbox 218 2001 303 2065; x_wconf 90' lang='lat' dir='ltr'>enim</span> <span class='ocrx_word' id='word_1_128' title='bbox 327 2001 515 2066; x_wconf 85' lang='lat' dir='ltr'>rationali</span> <span class='ocrx_word' id='word_1_129' title='bbox 538 2023 665 2086; x_wconf 87' lang='lat' dir='ltr'>quoque</span> <span class='ocrx_word' id='word_1_130' title='bbox 687 2001 786 2067; x_wconf 86' lang='lat' dir='ltr'>latius</span> <span class='ocrx_word' id='word_1_131' title='bbox 804 2007 916 2087; x_wconf 91' lang='lat' dir='ltr'>patere</span> <span class='ocrx_word' id='word_1_132' title='bbox 934 2004 1070 2069; x_wconf 84' lang='lat' dir='ltr'>uidetur.</span> 
     </span>
    </p>

    <p class='ocr_par' dir='ltr' id='par_1_4' title="bbox 58 2107 1072 2828">
     <span class='ocr_line' id='line_1_19' title="bbox 126 2107 1072 2193; baseline 0.005 -23"><span class='ocrx_word' id='word_1_133' title='bbox 126 2107 303 2190; x_wconf 89' lang='lat' dir='ltr'>parabile</span> <span class='ocrx_word' id='word_1_134' title='bbox 326 2112 436 2172; x_wconf 87' lang='lat' dir='ltr'>aut-em</span> <span class='ocrx_word' id='word_1_135' title='bbox 464 2112 497 2172; x_wconf 85' lang='lat' dir='ltr'>et</span> <span class='ocrx_word' id='word_1_136' title='bbox 523 2129 599 2172; x_wconf 91' lang='lat' dir='ltr'>non</span> <span class='ocrx_word' id='word_1_137' title='bbox 621 2108 799 2193; x_wconf 90' lang='lat' dir='ltr'>parabile</span> <span class='ocrx_word' id='word_1_138' title='bbox 828 2109 949 2174; x_wconf 86' lang='lat' dir='ltr'>distare</span> <span class='ocrx_word' id='word_1_139' title='bbox 973 2133 993 2174; x_wconf 86' lang='lat' dir='ltr'>a</span> <span class='ocrx_word' id='word_1_140' title='bbox 1014 2132 1072 2175; x_wconf 90' lang='lat' dir='ltr'>ra-</span> 
     </span>
     <span class='ocr_line' id='line_1_20' title="bbox 59 2213 1072 2300; baseline 0.004 -23"><span class='ocrx_word' id='word_1_141' title='bbox 59 2213 203 2278; x_wconf 91' lang='lat' dir='ltr'>tionali</span> <span class='ocrx_word' id='word_1_142' title='bbox 230 2217 263 2277; x_wconf 92' lang='lat' dir='ltr'>et</span> <span class='ocrx_word' id='word_1_143' title='bbox 291 2213 531 2300; x_wconf 85' lang='lat' dir='ltr'>irrationali,</span> <span class='ocrx_word' id='word_1_144' title='bbox 563 2236 603 2278; x_wconf 87' lang='lat' dir='ltr'>ex</span> <span class='ocrx_word' id='word_1_145' title='bbox 624 2214 676 2278; x_wconf 84' lang='lat' dir='ltr'>hie</span> <span class='ocrx_word' id='word_1_146' title='bbox 699 2215 847 2300; x_wconf 81' lang='lat' dir='ltr'>adparet3</span> <span class='ocrx_word' id='word_1_147' title='bbox 877 2216 1072 2299; x_wconf 88' lang='lat' dir='ltr'>parabilia</span> 
     </span>
     <span class='ocr_line' id='line_1_21' title="bbox 58 2319 1071 2405; baseline 0.004 -22"><span class='ocrx_word' id='word_1_148' title='bbox 58 2319 146 2384; x_wconf 90' lang='lat' dir='ltr'>enim</span> <span class='ocrx_word' id='word_1_149' title='bbox 168 2323 308 2403; x_wconf 87' lang='lat' dir='ltr'>possunt</span> <span class='ocrx_word' id='word_1_150' title='bbox 327 2342 396 2384; x_wconf 84' lang='grc'>0000</span> <span class='ocrx_word' id='word_1_151' title='bbox 419 2320 519 2384; x_wconf 91' lang='lat' dir='ltr'>etiam</span> <span class='ocrx_word' id='word_1_152' title='bbox 541 2319 780 2385; x_wconf 86' lang='lat' dir='ltr'>irrationalium</span> <span class='ocrx_word' id='word_1_153' title='bbox 799 2321 965 2405; x_wconf 87' lang='lat' dir='ltr'>quaedam,</span> <span class='ocrx_word' id='word_1_154' title='bbox 987 2323 1071 2387; x_wconf 90' lang='lat' dir='ltr'>nihil</span> 
     </span>
     <span class='ocr_line' id='line_1_22' title="bbox 58 2425 1069 2514; baseline 0.004 -25"><span class='ocrx_word' id='word_1_155' title='bbox 58 2430 168 2490; x_wconf 89' lang='lat' dir='ltr'>autem</span> <span class='ocrx_word' id='word_1_156' title='bbox 187 2425 396 2491; x_wconf 89' lang='lat' dir='ltr'>rationalium</span> <span class='ocrx_word' id='word_1_157' title='bbox 413 2426 610 2491; x_wconf 87' lang='lat' dir='ltr'>irrationale.</span> <span class='ocrx_word' id='word_1_158' title='bbox 646 2427 765 2491; x_wconf 88' lang='lat' dir='ltr'>horum</span> <span class='ocrx_word' id='word_1_159' title='bbox 784 2432 893 2493; x_wconf 87' lang='lat' dir='ltr'>autem</span> <span class='ocrx_word' id='word_1_160' title='bbox 916 2429 1069 2514; x_wconf 80' lang='lat' dir='ltr'>cognatio</span> 
     </span>
     <span class='ocr_line' id='line_1_23' title="bbox 59 2532 1071 2621; baseline 0.004 -25"><span class='ocrx_word' id='word_1_161' title='bbox 59 2532 145 2596; x_wconf 84' lang='lat' dir='ltr'>siout</span> <span class='ocrx_word' id='word_1_162' title='bbox 160 2536 340 2597; x_wconf 84' lang='lat' dir='ltr'>ceterorum</span> <span class='ocrx_word' id='word_1_163' title='bbox 356 2532 506 2598; x_wconf 85' lang='lat' dir='ltr'>omnibus</span> <span class='ocrx_word' id='word_1_164' title='bbox 519 2533 690 2617; x_wconf 83' lang='lat' dir='ltr'>perspicua</span> <span class='ocrx_word' id='word_1_165' title='bbox 705 2538 768 2621; x_wconf 80' lang='lat' dir='ltr'>eet3</span> <span class='ocrx_word' id='word_1_166' title='bbox 789 2534 838 2600; x_wconf 90' lang='lat' dir='ltr'>ita</span> <span class='ocrx_word' id='word_1_167' title='bbox 851 2534 954 2620; x_wconf 82' lang='lat' dir='ltr'>igitur</span> <span class='ocrx_word' id='word_1_168' title='bbox 972 2535 1071 2600; x_wconf 89' lang='lat' dir='ltr'>etiam</span> 
     </span>
     <span class='ocr_line' id='line_1_24' title="bbox 58 2637 1069 2725; baseline 0.006 -24"><span class='ocrx_word' id='word_1_169' title='bbox 58 2637 138 2703; x_wconf 89' lang='lat' dir='ltr'>haee</span> <span class='ocrx_word' id='word_1_170' title='bbox 169 2638 256 2702; x_wconf 88' lang='lat' dir='ltr'>inter</span> <span class='ocrx_word' id='word_1_171' title='bbox 292 2661 326 2703; x_wconf 91' lang='grc'>00</span> <span class='ocrx_word' id='word_1_172' title='bbox 362 2639 498 2725; x_wconf 83' lang='lat' dir='ltr'>habent,</span> <span class='ocrx_word' id='word_1_173' title='bbox 537 2644 575 2704; x_wconf 89' lang='lat' dir='ltr'>ut</span> <span class='ocrx_word' id='word_1_174' title='bbox 605 2640 799 2723; x_wconf 85' lang='lat' dir='ltr'>parabile</span> <span class='ocrx_word' id='word_1_175' title='bbox 826 2641 926 2706; x_wconf 82' lang='lat' dir='ltr'>latius</span> <span class='ocrx_word' id='word_1_176' title='bbox 958 2647 1069 2725; x_wconf 87' lang='lat' dir='ltr'>patere</span> 
     </span>
     <span class='ocr_line' id='line_1_25' title="bbox 58 2743 552 2828; baseline 0.008 -22"><span class='ocrx_word' id='word_1_177' title='bbox 58 2743 207 2809; x_wconf 87' lang='lat' dir='ltr'>uideatur</span> <span class='ocrx_word' id='word_1_178' title='bbox 230 2766 328 2828; x_wconf 91' lang='lat' dir='ltr'>quam</span> <span class='ocrx_word' id='word_1_179' title='bbox 350 2744 552 2810; x_wconf 91' lang='lat' dir='ltr'>rationale.</span> 
     </span>
    </p>

    <p class='ocr_par' dir='ltr' id='par_1_5' title="bbox 56 2850 1071 3361">
     <span class='ocr_line' id='line_1_26' title="bbox 126 2850 1070 2936; baseline 0.005 -23"><span class='ocrx_word' id='word_1_180' title='bbox 126 2851 182 2914; x_wconf 82' lang='lat' dir='ltr'>sed</span> <span class='ocrx_word' id='word_1_181' title='bbox 204 2850 281 2915; x_wconf 86' lang='lat' dir='ltr'>lieet</span> <span class='ocrx_word' id='word_1_182' title='bbox 305 2873 432 2935; x_wconf 86' lang='lat' dir='ltr'>eorum,</span> <span class='ocrx_word' id='word_1_183' title='bbox 459 2872 542 2934; x_wconf 91' lang='lat' dir='ltr'>quae</span> <span class='ocrx_word' id='word_1_184' title='bbox 569 2856 645 2916; x_wconf 89' lang='lat' dir='ltr'>ante</span> <span class='ocrx_word' id='word_1_185' title='bbox 671 2853 840 2916; x_wconf 87' lang='lat' dir='ltr'>nominata</span> <span class='ocrx_word' id='word_1_186' title='bbox 863 2857 953 2936; x_wconf 82' lang='lat' dir='ltr'>sunt,</span> <span class='ocrx_word' id='word_1_187' title='bbox 980 2854 1070 2918; x_wconf 87' lang='lat' dir='ltr'>diffe-</span> 
     </span>
     <span class='ocr_line' id='line_1_27' title="bbox 57 2957 1070 3023; baseline 0.003 -3"><span class='ocrx_word' id='word_1_188' title='bbox 57 2958 198 3021; x_wconf 89' lang='lat' dir='ltr'>rentiam</span> <span class='ocrx_word' id='word_1_189' title='bbox 235 2958 334 3023; x_wconf 88' lang='lat' dir='ltr'>etiam</span> <span class='ocrx_word' id='word_1_190' title='bbox 370 2959 433 3022; x_wconf 87' lang='lat' dir='ltr'>hoe</span> <span class='ocrx_word' id='word_1_191' title='bbox 470 2957 567 3022; x_wconf 88' lang='lat' dir='ltr'>modo</span> <span class='ocrx_word' id='word_1_192' title='bbox 600 2957 814 3022; x_wconf 71' lang='lat' dir='ltr'>considerare.</span> <span class='ocrx_word' id='word_1_193' title='bbox 875 2958 1070 3023; x_wconf 90' lang='lat' dir='ltr'>rationale</span> 
     </span>
     <span class='ocr_line' id='line_1_28' title="bbox 57 3062 1071 3129; baseline 0.003 -3"><span class='ocrx_word' id='word_1_194' title='bbox 57 3062 146 3127; x_wconf 91' lang='lat' dir='ltr'>enim</span> <span class='ocrx_word' id='word_1_195' title='bbox 182 3067 215 3128; x_wconf 92' lang='lat' dir='ltr'>et</span> <span class='ocrx_word' id='word_1_196' title='bbox 251 3062 485 3127; x_wconf 87' lang='lat' dir='ltr'>irrationale</span> <span class='ocrx_word' id='word_1_197' title='bbox 522 3064 562 3127; x_wconf 84' lang='lat' dir='ltr'>ad</span> <span class='ocrx_word' id='word_1_198' title='bbox 599 3063 695 3127; x_wconf 87' lang='lat' dir='ltr'>metri</span> <span class='ocrx_word' id='word_1_199' title='bbox 725 3062 887 3127; x_wconf 89' lang='lat' dir='ltr'>rationem</span> <span class='ocrx_word' id='word_1_200' title='bbox 918 3062 1071 3129; x_wconf 83' lang='lat' dir='ltr'>dicuntur</span> 
     </span>
     <span class='ocr_line' id='line_1_29' title="bbox 56 3168 1071 3256; baseline 0.001 -23"><span class='ocrx_word' id='word_1_201' title='bbox 56 3190 162 3253; x_wconf 89' lang='lat' dir='ltr'>neque</span> <span class='ocrx_word' id='word_1_202' title='bbox 181 3169 222 3234; x_wconf 88' lang='lat' dir='ltr'>ad</span> <span class='ocrx_word' id='word_1_203' title='bbox 241 3168 461 3256; x_wconf 83' lang='lat' dir='ltr'>cognitionem</span> <span class='ocrx_word' id='word_1_204' title='bbox 474 3173 621 3234; x_wconf 86' lang='lat' dir='ltr'>nostram</span> <span class='ocrx_word' id='word_1_205' title='bbox 634 3169 826 3234; x_wconf 87' lang='lat' dir='ltr'>referuntur.</span> <span class='ocrx_word' id='word_1_206' title='bbox 858 3173 969 3254; x_wconf 87' lang='lat' dir='ltr'>potest</span> <span class='ocrx_word' id='word_1_207' title='bbox 983 3169 1071 3234; x_wconf 91' lang='lat' dir='ltr'>enim</span> 
     </span>
     <span class='ocr_line' id='line_1_30' title="bbox 57 3274 1071 3361; baseline 0.001 -23"><span class='ocrx_word' id='word_1_208' title='bbox 57 3275 252 3340; x_wconf 89' lang='lat' dir='ltr'>rationale</span> <span class='ocrx_word' id='word_1_209' title='bbox 276 3275 398 3360; x_wconf 83' lang='lat' dir='ltr'>aliquid</span> <span class='ocrx_word' id='word_1_210' title='bbox 415 3274 511 3339; x_wconf 86' lang='lat' dir='ltr'>nobis</span> <span class='ocrx_word' id='word_1_211' title='bbox 529 3276 680 3361; x_wconf 82' lang='lat' dir='ltr'>ignotum</span> <span class='ocrx_word' id='word_1_212' title='bbox 694 3297 773 3359; x_wconf 86' lang='grc'>0000,</span> <span class='ocrx_word' id='word_1_213' title='bbox 797 3276 958 3359; x_wconf 90' lang='lat' dir='ltr'>quomodo</span> <span class='ocrx_word' id='word_1_214' title='bbox 973 3276 1071 3340; x_wconf 89' lang='lat' dir='ltr'>ratio-</span> 
     </span>
    </p>
   </div>
   <div class='ocr_carea' id='block_1_3' title="bbox 56 3427 1071 3577">
    <p class='ocr_par' dir='ltr' id='par_1_6' title="bbox 56 3427 1071 3577">
     <span class='ocr_line' id='line_1_31' title="bbox 56 3427 1071 3507; baseline 0.004 -23"><span class='ocrx_word' id='word_1_215' title='bbox 56 3427 90 3484; x_wconf 73' lang='grc' dir='ltr'>ὃὲ</span> <span class='ocrx_word' id='word_1_216' title='bbox 110 3431 142 3485; x_wconf 76' lang='lat' dir='ltr'>ot&#39;</span> <span class='ocrx_word' id='word_1_217' title='bbox 173 3431 205 3486; x_wconf 81' lang='grc' dir='ltr'>τὸ</span> <span class='ocrx_word' id='word_1_218' title='bbox 224 3431 252 3487; x_wconf 72' lang='grc' dir='ltr'>δ’</span> <span class='ocrx_word' id='word_1_219' title='bbox 270 3433 303 3487; x_wconf 76' lang='grc' dir='ltr'>οὐ</span> <span class='ocrx_word' id='word_1_220' title='bbox 322 3432 387 3487; x_wconf 84' lang='lat' dir='ltr'>Vat.</span> <span class='ocrx_word' id='word_1_221' title='bbox 450 3438 491 3487; x_wconf 90' lang='lat'>11.</span> <span class='ocrx_word' id='word_1_222' title='bbox 510 3429 666 3504; x_wconf 77' lang='grc' dir='ltr'>ἄνοίσουσι]</span> <span class='ocrx_word' id='word_1_223' title='bbox 685 3432 820 3487; x_wconf 64' lang='grc' dir='ltr'>000000οι</span> <span class='ocrx_word' id='word_1_224' title='bbox 838 3432 902 3487; x_wconf 85' lang='lat' dir='ltr'>Vat.</span> <span class='ocrx_word' id='word_1_225' title='bbox 972 3437 1013 3489; x_wconf 82' lang='lat'>12.</span> <span class='ocrx_word' id='word_1_226' title='bbox 1033 3439 1071 3507; x_wconf 77' lang='grc' dir='ltr'>τῷ</span> 
     </span>
     <span class='ocr_line' id='line_1_32' title="bbox 57 3499 740 3577; baseline 0.001 -21"><span class='ocrx_word' id='word_1_227' title='bbox 57 3499 90 3556; x_wconf 74' lang='grc' dir='ltr'>δὲ</span> <span class='ocrx_word' id='word_1_228' title='bbox 110 3502 143 3557; x_wconf 77' lang='lat' dir='ltr'>ol</span> <span class='ocrx_word' id='word_1_229' title='bbox 174 3502 205 3557; x_wconf 80' lang='grc' dir='ltr'>τὸ</span> <span class='ocrx_word' id='word_1_230' title='bbox 225 3501 252 3558; x_wconf 80' lang='grc' dir='ltr'>δ’</span> <span class='ocrx_word' id='word_1_231' title='bbox 270 3504 303 3557; x_wconf 76' lang='grc' dir='ltr'>οὐ</span> <span class='ocrx_word' id='word_1_232' title='bbox 322 3503 386 3558; x_wconf 77' lang='lat' dir='ltr'>vat.</span> <span class='ocrx_word' id='word_1_233' title='bbox 460 3509 502 3559; x_wconf 82' lang='lat'>24.</span> <span class='ocrx_word' id='word_1_234' title='bbox 522 3502 588 3577; x_wconf 69' lang='grc' dir='ltr'>γάρ]</span> <span class='ocrx_word' id='word_1_235' title='bbox 608 3521 661 3558; x_wconf 90' lang='lat' dir='ltr'>om.</span> <span class='ocrx_word' id='word_1_236' title='bbox 676 3503 740 3558; x_wconf 89' lang='lat' dir='ltr'>Vat.</span> 
     </span>
    </p>
   </div>
   <div class='ocr_carea' id='block_1_4' title="bbox 0 0 1204 3840">
    <p class='ocr_par' dir='ltr' id='par_1_7' title="bbox 0 0 1204 3840">
     <span class='ocr_line' id='line_1_33' title="bbox 0 0 1204 3840; baseline 0 1"><span class='ocrx_word' id='word_1_237' title='bbox 0 0 1204 3840; x_wconf 95' lang='lat' dir='ltr'> </span> 
     </span>
    </p>
   </div>
  </div>
 </body>
</html>
