2400 3840
518 142 622 228 nam.
808 212 810 216 .
1033 168 1079 232 43
1153 258 1155 262 Ι

132 316 212 381 duae
247 317 334 382 enim
370 318 609 404 magnitudines
647 321 725 403 AB,
754 320 821 383 ΒΓ
858 317 899 382 ad
935 317 1078 402 aliquam
1150 397 1153 402 Α

58 423 320 510 magnitudinem
338 428 371 487 A
389 422 549 489 rationem
567 424 709 489 habeant
727 425 845 488 datam.
876 424 958 510 dieo,
976 424 1076 490 etiam

294 604 297 611 ,
489 534 491 538 ’
595 535 766 616 utramque
803 530 901 595 simul
932 537 964 595 A
971 535 1004 597 Γ
1035 533 1076 596 ad

58 603 84 706 ‘i
335 602 357 705 i
523 601 550 667 Γ
596 638 729 702 eandem
761 636 803 701 Δ
821 637 994 713 nationem,
1017 639 1076 703 ha-

595 744 671 808 bere
695 743 812 808 datam.

660 872 736 914 nam
760 850 914 932 quoniam
937 856 1077 936 utraque

62 958 255 1045 magnitudo
287 961 366 1042 AB,
392 960 460 1022 ΒΓ
492 956 532 1021 ad
561 962 594 1021 Δ
629 957 789 1021 rationem
824 956 922 1022 habet
957 957 1079 1043 datam,
1170 943 1175 951 ⁶

56 1067 160 1131 etiam
183 1064 267 1129 ratio
287 1067 352 1128 AB
367 1086 373 1127 :
388 1064 456 1127 ΒΓ
474 1063 549 1127 data
575 1062 637 1127 erit
654 1066 763 1149 [prop.
783 1062 889 1146 vim.
925 1070 959 1131 et
987 1088 1075 1131 eom·

57 1171 210 1258 ponendo
237 1169 321 1234 ratio
344 1171 431 1233 AF:
446 1171 513 1233 ΒΓ
536 1170 611 1233 data
638 1175 687 1234 est
715 1169 818 1256 [prop.
838 1165 910 1260 VI]
959 1195 1075 1238 uerum

57 1278 144 1342 ratio
163 1281 192 1341 Β
199 1278 247 1341 F:
262 1281 294 1340 Δ
317 1276 392 1349 data
415 1279 474 1340 est.
513 1296 590 1360 ergo
610 1276 708 1342 etiam
731 1277 814 1342 ratio
838 1283 871 1343 A
877 1281 926 1343 I':
940 1285 974 1344 Δ
996 1279 1081 1344 data·

57 1389 110 1450 est
134 1386 238 1468 [prop.
257 1381 361 1464 VIII].

508 1541 627 1606 XXIII.

127 1665 162 1732 Si
180 1671 288 1731 totum
307 1666 347 1730 ad
365 1669 473 1730 totum
495 1664 656 1729 nationem
674 1665 773 1729 habet
792 1657 1073 1734 datamet'etiam

55 1779 167 1860 partes
187 1773 228 1838 ad
240 1777 348 1858 partes
362 1771 640 1837 rationeahabent
654 1771 755 1855 datas,
767 1772 830 1835 'aed
848 1794 914 1836 uon
932 1774 1073 1861 eaedem,

53 1881 158 1947 etiam
185 1900 296 1944 omnes
324 1877 563 1965 magnitudines
594 1877 635 1941 ad
663 1898 773 1942 omnes
801 1878 944 1945 rationes
971 1881 1071 1946 habe-

11 2021 20 2037 ·
56 1988 141 2051 bunt
164 1987 263 2050 datas.

124 2091 244 2156 habeat
271 2090 357 2156 euim
383 2095 491 2156 tetum
518 2093 583 2154 AB
614 2090 655 2153 ad
680 2093 789 2163 totum
817 2093 878 2156 ΓΛ
907 2093 1069 2160 rationem

52 2200 181 2282 datam,
212 2201 245 2261 et
271 2196 413 2261 habeant
439 2196 537 2261 etiam
565 2200 673 2281 partes
697 2201 777 2281 An,
795 2201 871 2262 ΕΒ.
892 2199 932 2263 ad
958 2205 1093 2285 partes,

55 2308 129 2389 ΓΖ,
148 2308 209 2368 ΖΛ
231 2303 374 2368 rationes
398 2303 499 2387 datae,
522 2303 577 2367 sed
599 2324 666 2367 nou
685 2303 820 2370 easdem
863 2303 944 2391 dieu,
967 2307 1069 2374 etiam

54 2432 169 2476 onmes
193 2409 432 2495 magnitudines
454 2406 501 2496 {ad
524 2431 638 2476 omnen
657 2410 800 2475 rationes
823 2411 943 2478 habere
966 2412 1070 2480 datas.

490 2566 497 2582 .
615 2586 617 2590 ,
707 2539 783 2581 nam
807 2519 961 2602 quoniam
983 2522 1069 2587 ratio

58 803 87 852 A
96 805 253 851 i-——t
375 789 377 794 ’

52 2588 79 2638 Α
298 2586 322 2636 Ε

64 2656 69 2692 ι
272 2654 601 2691 ·ι---4
651 2625 816 2688 ΑΕΞΓΖ
839 2625 1071 2712 datuest7ea·
1186 2684 1188 2693 Α

56 2747 86 2798 Γ
143 2788 147 2793 .
227 2746 248 2795 z
409 2745 438 2825 ῌ
480 2748 505 2796 Δ
651 2729 723 2794 dem
736 2735 832 2814 atque
843 2714 900 2795 illa
912 2733 970 2798 fiat
982 2733 1068 2799 ratio

66 2814 235 2851 ·’““““ἱ
421 2828 491 2849 ¹*
602 2838 821 2930 'namn
844 2837 954 2923 itaque
966 2839 1068 2904 etiam

52 2939 142 3006 ratio
156 2943 221 3004 AB
232 2963 239 3002 :
251 2941 323 3004 ΓΗ
331 2940 408 3004 data
421 2944 471 3004 est
486 2939 561 3031 [def.
571 2939 615 3026 2}
642 2940 703 3005 erit
718 2941 913 3008 etiam'ratio
923 2944 1068 3029 reliquae

54 3045 288 3132 magnitudinis
303 3049 365 3117 ΕΒ
386 3047 425 3110 ad
443 3046 601 3132 reliquam
619 3050 691 3111 ZH
706 3047 783 3112 data
803 3047 856 3133 [V‚
873 3050 927 3134 193
946 3050 1006 3114 def.
1022 3049 1068 3136 2].

52 3175 170 3218 uerum
179 3153 263 3218 ratio
273 3156 420 3248 ΕΒεΖΛ
435 3153 510 3217 data
520 3158 578 3218 est.
598 3175 696 3238 quare
706 3152 805 3218 etiam
814 3154 899 3219 ratio
911 3159 972 3219 ΖΛ
978 3160 1068 3220 :ZH

912 3299 1067 3308 -—--—.--

53 3387 99 3435 21.
122 3379 171 3435 anci
190 3378 266 3434 ἔσται
283 3381 381 3449 λοιπῆς
397 3388 447 3449 τῆς
464 3397 490 3436 a.
545 3380 908 3457 Ιἳ3.ΖΔ(ει1ῡ.)]ΔΖει.
995 3383 1051 3453 ἄρα
1144 3444 1146 3448 ,

51 3469 140 3578 ἓξὲξ
149 3467 242 3575 veomp.
258 3450 322 3505 add.
337 3457 403 3505 m.1
423 3469 450 3507 v,
511 3457 553 3506 24.
572 3451 605 3506 τὸ
624 3456 682 3505 ΖΗ
698 3451 794 3506 Vata.
855 3458 897 3507 25.
918 3451 975 3509 ἐστί
989 3458 1050 3526 (pr.)
