2400 3840
134 172 201 235 254
299 175 429 226 mmm
446 173 667 226 PHILOSOPHI
686 174 971 226 οοααοοτιοῐοε

134 318 262 404 εὕρεσις
288 316 309 399 ή
337 316 497 393 ἀνάλυσις
527 315 582 382 καὶ
610 317 699 393 ὅπως
724 318 808 403 πρὸς
835 315 968 402 εὕρεσιν
995 326 1054 400 τής
1082 329 1149 383 τῶν

133 423 259 508 ὁμοίων
286 423 482 502 ἀποδείξεως
508 421 589 507 ἡμῖν
617 423 839 506 συμβάλλεται
870 422 926 488 καὶ
958 424 1009 488 ὅτι
1037 427 1148 508 μεῖζόν

133 528 203 594 ἐστι
234 529 272 594 τὸ
304 530 449 614 δύναμιν
481 529 684 613 ἀναλυτικήν
715 530 901 611 κτήσασθαι
933 538 994 593 τοῦ
1023 530 1149 607 πολλδς

134 634 316 714 ἀποδείξεις
338 647 406 701 τῶν
429 634 482 700 ἐπὶ
504 634 626 722 μέρους
649 638 745 719 ἔχειν.

100 755 116 805 5
202 745 249 818 είς
275 742 382 818 πόσας
404 746 522 806 τοίνυν
545 743 604 819 τδις
626 741 781 818 τοιαύτας
804 740 981 826 ἐπιστήμας
1004 744 1148 829 χρησίμη

134 844 218 914 οὖσα
245 848 266 932 ή
292 845 369 935 περὶ
396 855 456 912 τοῦ
479 847 662 932 δεδομένου
685 851 827 932 θεωρία,
859 846 989 932 ἐπείπερ
1017 846 1075 912 καὶ
1101 849 1148 925 είς

134 952 297 1020 ἀνάλυσιν
324 953 407 1039 μέγα
434 953 670 1038 συμβάλλεται,
697 955 831 1029 εἰκότως
858 951 900 1018 δν
922 953 1043 1038 ῥηθείη
1068 953 1147 1019 ἀνά-

133 1068 253 1143 γεσθαι
281 1060 341 1143 οὐχ
373 1059 438 1125 ὑπὸ
465 1063 546 1143 μίαν
573 1061 648 1124 τινδι
676 1059 872 1144 ἐπιστήμην,
903 1058 977 1125 ἀλλ’
1007 1062 1055 1136 είς
1086 1062 1147 1144 τήν

132 1169 283 1231 καθόλου
315 1164 496 1249 λεγομένην
529 1169 772 1250 μαθηματικήν.
827 1166 910 1249 αὕτη
942 1164 983 1231 δέ
1008 1165 1100 1232 ἐστιν
1125 1167 1146 1251 ή

80 1284 114 1333 10
132 1274 211 1356 περί
226 1293 261 1334 τε
278 1272 392 1354 πλήθη
411 1269 466 1335 καὶ
479 1269 604 1354 μεγέθη
622 1270 677 1336 καὶ
691 1275 833 1358 χρόνους
850 1270 906 1337 καὶ
923 1272 1007 1357 τάχη
1026 1276 1146 1357 ἔχουσα

131 1374 187 1440 καὶ
210 1378 250 1441 τὰ
272 1385 410 1441 τοιαῦτα
431 1376 549 1462 πάντα,
572 1378 724 1463 καθάπερ
748 1380 790 1463 δή
812 1376 869 1443 καὶ
891 1379 912 1463 ή
930 1377 1007 1463 περὶ
1025 1382 1146 1462 λόγους

130 1481 187 1548 καὶ
214 1482 393 1566 ἀναλογίας
418 1481 475 1548 καὶ
501 1485 559 1561 τὰς
590 1493 760 1569 πανταχοῦ
787 1486 967 1570 μεσότητας
995 1507 1144 1572 πραγμα-

31 1579 35 1586 ’
131 1588 300 1675 τευομίνη.
336 1590 419 1675 πρὸς
437 1592 562 1674 ταύτην
580 1594 697 1656 τοίνυν
715 1592 777 1675 τήν
791 1601 858 1656 τῶν
872 1590 1064 1676 δεδομένων
1078 1591 1145 1657 ἐπι-

131 1697 333 1781 στημονικήν
365 1694 550 1779 κατάληψιν
581 1696 833 1782 χρησιμωτάτην
870 1692 976 1761 οὖσαν
1007 1698 1046 1762 τὸ
1079 1708 1145 1762 τῶν

79 1813 112 1861 15
131 1801 319 1888 δεδομένων
350 1805 483 1886 βιβλίον
514 1802 531 1868 ὁ
560 1803 744 1885 Εὐκλείδης
775 1801 985 1886 ἐξεπόνησεν,
1018 1802 1060 1868 ὃν
1090 1802 1146 1869 καὶ

132 1911 346 1993 στοιχειωτήν
373 1913 497 1997 κυρίως
525 1907 751 1994 ἐπωνόμασαν.
800 1908 907 1993 πάσης
933 1909 997 1993 γὰρ
1026 1911 1146 1993 σχεδὸν

131 2021 361 2099 μαθηματικῆς
389 2015 566 2099 ἐπιστήμης
593 2027 738 2100 στοιχεῖα
769 2013 824 2080 καὶ
856 2007 930 2080 οἷον
961 2016 1146 2098 είσαγωγὰς

130 2119 318 2206 προέταξεν,
337 2121 382 2198 ὡς
399 2125 599 2208 γεωμετρίας
616 2118 677 2206 μὲν
696 2121 774 2205 ὅλης
792 2120 829 2186 ἐν
847 2131 918 2198 τοῖς
936 2119 983 2204 ιγ’
1001 2124 1145 2205 βιβλίοις

130 2225 186 2291 καὶ
204 2237 262 2310 τής
280 2227 500 2312 ἀστρονομίας
522 2227 558 2292 ἐν
576 2239 646 2304 τοῖς
662 2225 892 2311 Φαινομένοις,
909 2225 966 2291 καὶ
983 2238 1146 2312 μουσικῆς

78 2343 111 2393 20
131 2331 167 2397 δὲ
189 2331 245 2398 καί
268 2332 403 2416 όπτικής
426 2333 548 2417 ὁμοίως
575 2345 719 2417 στοιχεῖα
745 2331 992 2418 παραδέδωκεν·
1021 2332 1079 2399 καὶ
1102 2335 1144 2419 δή

129 2434 185 2501 καὶ
207 2447 265 2520 της
286 2436 362 2524 περὶ
384 2448 445 2503 τοῦ
468 2437 649 2524 δεδομένου
671 2440 778 2523 πόσης
799 2442 1023 2526 πραγματείας
1042 2439 1079 2505 ἐν
1097 2450 1144 2529 τῷ

129 2541 332 2631 προκειμένῳ
355 2547 473 2632 βιβλίῳ
497 2548 704 2628 στοιχείωσιν
731 2543 933 2629 ἀναλυτικήν
956 2544 1143 2629 ἐποιήσατο.

129 2650 346 2735 γεωμετρικὸς
374 2646 411 2713 δὲ
433 2650 482 2715 ὢν
504 2650 523 2717 ὁ
547 2650 632 2736 ἀνήρ
656 2652 884 2738 διαφερόντως
906 2653 985 2728 τοὺς
1007 2655 1144 2730 κοινοὺς

128 2752 205 2840 περὶ
244 2764 304 2819 τοῦ
346 2754 527 2841 δεδομένου
568 2759 689 2839 λόγους
726 2769 797 2834 τοῖς
834 2755 1012 2841 μεγέθεσιν
1049 2758 1144 2836 ίδίως

76 2871 110 2921 25
130 2860 331 2947 ἐφήρμοσεν,
363 2861 404 2927 δν
430 2865 555 2947 τρόπον
582 2860 713 2946 ἐποίησε
739 2861 796 2928 καὶ
823 2860 967 2928 ἐπὶτῶν
991 2867 1144 2930 καθόλου

129 2969 239 3051 λόγων
270 2966 316 3044 ὡς
343 2965 396 3031 ἐπὶ
428 2975 580 3051 μεγεθῶν
614 2969 708 3044 ίδίως
736 2968 859 3046 αὐτοὺς
888 2969 1142 3056 πραγματευσά-

129 3097 227 3158 μενος
249 3072 286 3138 ἐν
307 3083 353 3161 τῷ
376 3071 509 3162 πέμπτῳ
533 3077 651 3161 βιβλίῳ
674 3082 732 3157 τής
755 3072 921 3140 ἐπιπέδου.

194 3190 315 3257 κοινῶς
337 3177 398 3265 μὲν
421 3176 483 3246 οὖν
505 3185 647 3266 είρηται,
673 3183 709 3245 τί
728 3181 766 3246 τὸ
790 3179 970 3265 δεδομένον
996 3180 1053 3247 καὶ
1074 3183 1142 3248 ὑπὸ

200 3447 223 3495 6.
243 3439 308 3513 καί]
328 3458 416 3511 comp.
436 3442 471 3509 P;
497 3459 550 3497 om.
570 3441 635 3496 vat.
710 3447 732 3495 7.
752 3439 823 3513 μέγα
842 3439 1043 3568 σομβιίλλεταιχ
1058 3463 1142 3513 μετα-

129 3509 312 3583 σομβάλλεται
329 3511 382 3566 Pv.
474 3512 597 3584 εἰκότως]
621 3511 696 3574 εἰκός
713 3512 778 3568 vat.
869 3519 894 3569 9.
918 3513 1004 3586 ἐστιν]
1044 3532 1087 3570 στι
1109 3516 1141 3573 Ρ.
