2400 3840
523 105 629 168 nim.
1037 105 1083 171 sa

66 237 150 331 ergo
170 246 359 331 magnitudo
377 250 448 331 ZB,
471 252 658 331 comparata
680 270 753 314 oum
776 254 856 335 ΕΔ,
879 204 954 315 data
977 251 1082 317 maior

66 357 131 417 est·
146 375 244 439 quam
265 352 301 418 in
322 352 447 419 ratione
472 353 547 438 [def.
569 354 634 439 11].

526 512 631 579 XVII.

140 617 176 684 Si
211 623 278 684 tres
311 619 549 706 magnitudines
582 621 768 705 propositae
801 628 876 687 sunt
908 629 941 688 et
967 624 1082 708 prima,

69 729 262 810 comparata
294 748 368 790 oum
400 727 564 812 secunda,⁴
588 726 662 791 data
698 727 801 792 maior
833 734 883 794 est
919 751 1016 814 quam
1047 713 1110 795 in¹

68 831 209 917 ratione,
232 837 264 896 et
288 833 387 897 etiam
409 832 516 918 tertia,
539 838 726 917 comparata
744 857 818 900 oum
836 836 955 919 eadem,
978 837 1084 900 maior

67 944 124 1003 est
147 960 245 1023 quam
267 937 303 1001 in
324 938 464 1023 ratione,
490 943 547 1003 aut
573 938 679 1023 prima
706 941 746 1005 ad
768 941 900 1005 tertiam
922 941 1083 1007 rationem

69 1044 209 1109 habebit
228 1044 346 1129 datam,
369 1048 425 1109 aut
444 1044 555 1130 altera,
578 1050 765 1130 comparata
783 1069 856 1112 oum
875 1048 986 1133 altera,
1009 1049 1085 1113 data

70 1151 180 1216 maior
203 1151 265 1216 erit
287 1133 385 1237 quam
406 1151 442 1214 in
463 1152 596 1216 ratione.

143 1257 209 1321 sint
240 1260 306 1321 tres
339 1256 578 1348 magnitudines
610 1261 690 1342 ΑΒ,
713 1260 750 1343 Γ,
771 1264 852 1343 ΔΕ,
884 1264 917 1324 et
948 1265 1085 1346 utraque

72 1362 267 1450 magnitudo
295 1366 370 1448 ΑΒ,
392 1366 473 1448 ΛΕ,
502 1368 689 1447 comparata
716 1386 790 1429 oum
814 1369 850 1450 Γ,
880 1367 957 1432 data
982 1368 1088 1433 maior
1153 1360 1156 1367 ’

70 1470 121 1535 sit
144 1491 242 1554 quam
258 1469 294 1532 in
311 1469 446 1534 ratione.
482 1469 564 1554 dieo,
586 1474 643 1534 aut
665 1471 905 1557 magnitudines
924 1477 1000 1558 ΑΒ,
1017 1478 1088 1539 ΔΕ

71 1577 163 1641 inter
191 1596 225 1656 se
252 1575 413 1640 rationem
439 1575 558 1639 habere
586 1576 709 1661 datam,
738 1581 795 1641 aut
818 1578 967 1664 alteram,
1000 1601 1085 1645 oom-

74 1686 226 1769 paratam
240 1703 314 1778 oum
328 1682 438 1767 altera,
452 1682 528 1746 data
541 1682 697 1747 maiorem
711 1704 781 1748 esse
796 1704 892 1766 quam
905 1685 1085 1750 iuratione.

55 1811 58 1815 ·
143 1811 221 1852 nam
244 1788 397 1871 quoniam
420 1789 610 1874 magnitudo
632 1794 713 1874 ΔΕ,
740 1795 928 1875 comparata
953 1812 1025 1855 oum
1049 1794 1087 1876 Γ,

71 1896 155 1960 data
177 1894 281 1959 maior
299 1899 348 1960 est
367 1916 465 1979 quam
476 1895 517 1969 ,in
534 1894 669 1979 ratione,
692 1895 857 1960 auferatur
871 1897 947 1961 data
964 1897 1088 1982 magni-

265 2044 286 2094 Ζ
467 2045 489 2095 Β
530 2001 608 2064 tudo
622 2004 703 2065 AH.
730 2001 840 2085 itaque
858 2002 1000 2087 reliquae
1015 2007 1087 2067 ΗΕ

71 2101 271 2150 A2—-r
476 2112 480 2149 ¹
531 2106 571 2171 ad
594 2111 627 2172 Γ
649 2107 734 2172 ratio
762 2108 838 2172 data
865 2112 923 2172 est.
975 2110 1087 2174 eadem
1151 2175 1157 2183 ,

76 2225 116 2276 Γι
356 2238 360 2274 ι
436 2256 439 2261 >
530 2214 568 2277 de
596 2236 694 2278 eausa
719 2214 818 2295 etiam
847 2215 931 2279 ratio
960 2219 1021 2280 ΖΒ
1037 2240 1043 2280 :
1060 2219 1093 2280 Γ

234 2348 265 2398 Η
347 2374 350 2379 .
420 2346 445 2398 Ε
531 2322 606 2384 data
628 2325 686 2386 est.
694 2319 718 2409 ¹)
760 2343 858 2405 quare
881 2322 980 2388 etiam
1002 2322 1088 2387 ratio

72 2406 246 2456 Λ1““““”’
433 2416 436 2452 ¹
533 2431 693 2492 ZB:HE
709 2428 785 2493 data
798 2433 849 2493 est
867 2427 1088 2513 [prop.V]II]‚

77 2541 114 2602 et
139 2535 332 2601 adiiciantur
353 2533 394 2599 iis
417 2534 511 2598 datae
534 2534 772 2620 magnitudines
796 2540 828 2599 A
834 2539 874 2620 Z,
892 2539 972 2599 ΔΗ.
1009 2557 1088 2621 ergo

74 2646 140 2708 aut
157 2647 247 2708 totae
260 2645 335 2726 ΑΒ,
348 2645 381 2705 Λ
386 2644 418 2705 Ε
432 2640 517 2705 inter
537 2662 570 2704 se
588 2641 748 2707 rationem
762 2641 884 2706 habent
897 2641 1015 2728 datam,
1032 2645 1088 2705 aut

73 2749 194 2833 attera,
217 2751 402 2832 comparata
426 2769 499 2812 oum
522 2747 632 2834 altera,
655 2748 731 2812 data
748 2747 852 2812 maior
870 2749 920 2812 est
939 2769 1036 2832 quam
1054 2746 1090 2812 in
1120 2768 1128 2783 ·

75 2856 208 2920 ratione
227 2855 332 2939 [prop.
347 2853 448 2938 XNJ.

528 2941 648 3006 XVHI.

153 3049 189 3115 si
206 3053 272 3114 tres
290 3048 530 3135 magnitudines
548 3047 734 3133 propositae
753 3052 829 3112 sunt
847 3051 879 3112 et
893 3070 958 3112 una
972 3069 1092 3132 earum,

74 3159 273 3240 eomparata
296 3177 370 3220 oum
391 3159 528 3238 utraque
550 3153 684 3238 reliqua,
706 3153 782 3218 data
804 3153 909 3217 maior
926 3157 976 3218 est
994 3173 1092 3239 quam

144 3316 170 3384 1)
183 3312 261 3367 Haeo
272 3310 474 3367 demonstratio
484 3328 540 3365 non
549 3309 622 3364 nihil
631 3309 718 3363 habet
728 3307 901 3376 offensionis;
914 3307 1006 3378 priore
1017 3308 1092 3364 enim

80 3385 148 3439 loeo
167 3384 415 3439 demonstrandum
429 3384 498 3451 erat,
517 3381 656 3436 rationem
672 3384 737 3436 ZB:
750 3384 777 3434 Γ.
790 3380 887 3434 datam
902 3395 970 3449 esse,
989 3379 1091 3435 deinde

77 3454 180 3511 uerbis
200 3453 248 3509 διὰ
262 3449 297 3509 ’τὰ
311 3452 383 3508 αὐτοὶ
402 3452 612 3522 absoluendum‚
631 3451 769 3507 rationem
784 3454 858 3505 HE:
872 3455 897 3505 Γ
911 3451 1008 3506 datam
1023 3468 1092 3507 esse.
1174 3495 1176 3499 .

140 3553 290 3605 Euclides,
307 3554 358 3595 edd.
368 3552 470 3603 Hsibsrg
484 3556 507 3593 et
516 3552 605 3602 Mense.
630 3553 667 3593 VI.
917 3545 933 3592 3
