2400 3840
116 125 179 189 132
407 179 410 184 ,
517 126 721 179 ΔΕΔΟΜΕΝΑ.

180 273 261 335 ἔστω
294 271 357 356 γὰρ
388 270 564 351 ίσογώνιον
591 271 628 333 τὸ
657 272 719 334 ΓΛ
750 278 796 357 τῷ
826 273 903 350 ΖΘ,
934 266 989 332 καὶ
1021 290 1126 351 παρα-

114 379 290 461 βεβλήσθω
318 376 407 462 παρὰ
431 377 492 458 τὴν
516 379 576 439 ΓΒ
605 376 742 440 εὐθεῖαν
764 384 810 462 τῷ
835 379 899 439 ΖΘ
920 380 1127 460 παραλληλο-

114 484 251 571 γράμμῳ
282 490 356 548 ίσον
378 485 722 568 παραλληλόγραμμον
744 483 781 546 τὸ
806 484 892 565 ΓΜ,
919 480 974 545 καὶ
1002 485 1126 546 κείσθω

115 592 198 656 ὥστε
226 588 275 655 ἐπ’
301 591 435 666 εὐθείας
462 584 549 653 εἶναι
575 591 636 672 την
663 592 734 653 AF
756 598 795 674 τῇ
820 592 901 653 ΓΝ·
934 585 989 652 καὶ
1016 586 1036 669 ἡ
1060 593 1127 652 ΑΒ

80 699 179 782 σᾶρα
202 708 241 783 τῇ
263 701 343 761 ΒΜ
361 695 451 760 ἐστιν
475 694 525 760 ἐπ’
546 696 688 772 εὐθείας.
729 693 784 760 καὶ
808 700 882 759 λσον
897 693 973 759 ’ἐστὶ
996 696 1033 759 τὸ
1057 698 1132 759 ΒΝ

113 813 159 891 τῷ
190 808 266 869 ΖΘ·
300 806 369 868 ἔστι
399 799 436 867 δὲ
463 800 518 866 καλ
547 803 738 884 ἰσογώνιον·
770 812 837 866 τῶν
864 805 948 884 ΒΝ,
974 805 1036 865 ΘΖ
1064 803 1128 886 ἄρα

116 909 400 974 ἀντιπεπόνθασιν
429 909 467 973 αί
491 906 632 994 πλευραὶ
659 908 697 972 αί
717 906 792 994 περὶ
815 909 874 984 τὰς
896 914 969 984 ίσας
992 910 1128 990 γωνίας·

115 1018 206 1080 ἔστιν
229 1019 293 1099 ἄρα
316 1015 362 1092 ὡς
384 1015 405 1099 ἡ
425 1018 487 1080 ΓΒ
510 1015 593 1100 πρὸς
615 1016 677 1098 τὴν
696 1018 773 1097 ΖΗ,
797 1014 940 1096 οὕτωςὴ
961 1020 1025 1078 ΖΕ
1046 1016 1129 1099 πρὸς

115 1124 176 1205 τὴν
205 1126 279 1187 ΓΝ.
331 1125 428 1203 λόγος
457 1118 493 1185 δὲ
524 1130 582 1205 τῆς
610 1124 671 1186 ΓΒ
703 1122 787 1206 πρὸς
814 1122 875 1204 την
905 1125 976 1184 ΖΗ
1000 1121 1128 1196 δοθείς·

64 1240 97 1288 10
116 1231 214 1310 λόγος
236 1229 300 1314 ἄρα
323 1225 378 1291 καὶ
402 1236 459 1311 τῆς
481 1231 545 1290 ΕΖ
567 1227 651 1309 πρὸς
672 1228 734 1309 τὴν
758 1230 829 1291 ΓΝ
847 1227 970 1302 δοθείς.
1011 1236 1068 1309 τῆς
1092 1224 1129 1291 δὲ

115 1340 179 1399 ΕΖ
206 1336 289 1420 πρὸς
316 1335 378 1417 τὴν
405 1338 476 1398 AF
503 1337 601 1415 λόγος
629 1332 697 1399 ἐστὶ
725 1334 853 1409 δοθείς·
889 1330 945 1397 καὶ
977 1342 1035 1415 τῆς
1062 1337 1134 1397 AF

116 1443 180 1525 ἄρα
207 1442 290 1526 πρὸς
316 1443 377 1525 τὴν
403 1444 474 1505 ΓΝ
499 1443 596 1523 λόγος
625 1439 693 1516 ἐστὶ
720 1441 848 1516 δοθείς·
881 1441 963 1504 ὥστε
990 1438 1128 1504 καὶτοῦ

117 1550 178 1611 ΓΔ
200 1548 283 1632 πρὸς
304 1548 342 1612 τὸ
367 1550 446 1612 ΓΜ
463 1528 561 1628 λόγος
584 1545 653 1611 ἐστὶ
676 1547 799 1622 δοθείς.
843 1549 912 1610 ἔστι
935 1542 972 1609 δὲ
995 1547 1031 1610 τὸ
1057 1549 1135 1610 ΓΜ

116 1662 161 1740 τῷ
191 1657 255 1718 ΖΘ
282 1659 368 1718 ίσον·
408 1656 506 1736 λόγος
535 1655 599 1739 ἄρα
626 1651 681 1718 καὶ
708 1662 768 1718 τοῦ
793 1656 853 1717 ΓΔ
884 1654 967 1738 πρὸς
994 1653 1030 1717 τὸ
1058 1657 1129 1717 ΕΗ

65 1770 98 1820 15
117 1759 240 1837 δοθείς.

182 1868 226 1951 μὴ
255 1869 337 1931 ἔστω
366 1866 407 1948 δη
437 1867 614 1948 ἰσογώνιον
636 1867 673 1930 τὸ
697 1869 762 1930 ΑΒ
790 1875 836 1952 τῷ
862 1870 939 1949 ΖΘ,
971 1864 1026 1930 καὶ
1049 1882 1128 1930 σνν-

116 1972 239 2036 εστότω
263 1973 345 2054 πρὸς
368 1982 408 2057 τῇ
427 1975 496 2037 ΒΓ
513 1971 630 2058 εὐθείᾳ
651 1970 707 2036 καὶ
729 1980 775 2059 τῷ
798 1972 882 2056 πρὸς
904 1972 987 2057 αὐτῇ
1006 1976 1128 2059 σημείῳ

117 2087 162 2166 τῷ
180 2081 213 2142 Γ
230 2089 270 2163 τῇ
287 2078 352 2143 ὑπὸ
371 2088 440 2143 τῶν
453 2083 486 2142 Ε
490 2082 562 2142 ΖΗ
580 2081 686 2165 γωνίᾳ
704 2084 758 2161 ίση
777 2080 882 2160 γωνία
901 2077 921 2161 η
939 2077 1004 2143 ὑπὸ
1019 2082 1129 2161 ΒΓΚ,

119 2183 175 2249 καὶ
203 2186 499 2271 συμπεπληρώσθω
527 2186 564 2250 τὸ
589 2188 648 2250 ΓΛ
676 2187 1028 2271 παραλληλόγραμμον.
1073 2184 1129 2249 καλ

65 2304 99 2353 20
118 2289 187 2355 ἐπεὶ
215 2291 354 2355 δοθεῖσα
382 2289 472 2354 ἐστιν
500 2289 521 2373 ἡ
548 2291 613 2355 ὑπὸ
641 2302 709 2355 τῶν
732 2294 846 2374 ΑΓΒ,
878 2294 947 2355 ἔστι
971 2286 1007 2355 δὲ
1029 2290 1129 2373 καὶὴ

115 2397 181 2461 ὑπὸ
205 2399 303 2460 ΚΓΒ
327 2396 481 2478 δοθεῖσα,
512 2393 567 2459 καὶ
590 2398 688 2480 λοιπὴ
711 2398 776 2482 ἄρα
798 2396 819 2479 ἡ
841 2397 906 2461 ὑπὸ
931 2400 1037 2462 ΑΓΚ
1061 2397 1130 2462 ἐστι

63 2500 65 2504 ’
117 2504 286 2567 δοθεῖσα,
311 2503 380 2565 ἔστι
405 2497 442 2565 δὲ
463 2499 519 2565 καὶ
541 2500 561 2583 ἡ
585 2502 649 2567 ὑπὸ
674 2515 741 2567 τῶν
765 2506 865 2568 ΓΑΚ
890 2505 1041 2568 δοθεῖσα·
1074 2502 1130 2568 καλ

117 2609 214 2691 λοιπὴ
233 2609 297 2693 ἄρα
316 2607 336 2690 η
354 2607 423 2672 ὑπὸ
439 2617 507 2672 τῶν
523 2613 556 2672 Α
561 2611 631 2673 ΚΓ
650 2608 718 2673 ἐστι
737 2610 890 2674 δοθεῖσα·
914 2609 1046 2675 δέδοται
1065 2613 1130 2696 ἄρα

190 2841 214 2889 22
234 2831 525 2908 παραλληλογράμμῳ]
544 2853 612 2891 corr.
633 2853 667 2890 ex
685 2836 849 2908 παραλλήλῳ
868 2854 903 2891 m.
925 2843 940 2890 2
959 2838 1023 2892 Vah.
1105 2844 1129 2893 3.

118 2906 418 2978 παραλληλόγραμμον]
438 2907 638 2977 εὐθύγραμμον
657 2926 683 2963 v.
746 2914 770 2963 5.
792 2908 866 2978 ΒΜ]
886 2912 954 2962 ΕΜ
967 2908 993 2963 b.
1056 2908 1130 2964 ἐστιν

120 2977 182 3033 ίσον
200 2977 250 3031 vb.
342 2985 366 3032 6.
388 2977 461 3032 ἔστιν
480 2996 505 3033 v.
586 2980 654 3051 τῶν]
673 2978 705 3033 τό
724 2978 751 3032 b.
835 2980 900 3050 ΘΖ]
920 2983 976 3033 ΗΖ
994 2980 1021 3034 b.
1105 2986 1129 3035 8.

122 3049 340 3120 ανηεαεο.
402 3048 842 3121 σπόρος-νοσῆσαι).
903 3055 944 3104 13.
965 3052 1026 3122 ΓΛ]
1043 3055 1088 3104 ΓΑ
1103 3051 1130 3106 b.

158 3121 234 3190 ΓΜ]
254 3123 325 3173 ΜΝ
339 3120 366 3173 b.
442 3119 509 3191 ἔστι]
529 3120 591 3176 ίσον
610 3122 637 3176 b.
720 3119 763 3191 δέ]
783 3117 814 3174 δὲ
833 3119 882 3175 καί
899 3121 922 3174 Ρ
941 3119 1000 3190 (καί
1017 3122 1131 3192 punctis

120 3191 185 3261 del.)
200 3209 225 3245 v.
280 3190 311 3245 τό
322 3191 405 3314 μελίη]
420 3207 488 3246 corr.
500 3208 534 3245 ex
547 3197 585 3265 τῷ
598 3199 662 3247 m.2
677 3210 702 3246 v.
758 3197 800 3246 14.
816 3191 888 3263 ἴσον]
904 3209 956 3247 om.
968 3193 994 3247 b.
1050 3193 1133 3263 λόγος

120 3294 153 3301 -
174 3268 214 3316 16.
237 3262 410 3333 Ζομαε.
495 3268 535 3318 14.
554 3264 585 3318 w
606 3264 680 3334 εΗ]
699 3262 751 3332 τὴν
771 3267 837 3317 ενι
850 3264 877 3318 b.
959 3269 1000 3319 15.
1020 3264 1121 3327 εοεαε

120 3333 283 3401 eomp.Vat.
358 3338 399 3387 16.
420 3332 469 3405 μηΊ
488 3335 537 3388 καλ
555 3335 593 3403 μή
611 3335 638 3389 b.
699 3332 855 3389 συνεστάτω
872 3343 906 3406 τῇ
925 3335 951 3389 b.
1026 3342 1068 3391 18.
1090 3341 1117 3390 Γ

120 3408 179 3456 ΚΓ
197 3404 223 3457 b.
316 3402 360 3472 ἴση
380 3402 480 3476 γωνία]
505 3423 557 3461 om.
577 3407 603 3460 b.
694 3414 751 3460 τῶν
770 3409 855 3460 ΒΓΚ
870 3407 971 3475 Ναίν,
1001 3406 1055 3461 del.
1075 3417 1131 3463 τῶν

113 3490 154 3527 m.
175 3479 190 3527 2
209 3473 287 3542 Μαίη
312 3475 408 3529 BPb.
501 3482 542 3533 19,
561 3475 707 3548 ααλ(ελθ.)]
727 3492 779 3530 om.
799 3475 825 3531 b.
920 3476 1077 3549 λθηηω.)
1097 3510 1131 3519 -
