2400 3840
514 172 679 226 scflom.
1037 176 1102 240 283

469 367 522 432 Ad
543 391 634 454 prop.
657 369 722 433 XL.

155 493 207 557 91.
234 491 379 557 Δέδοται
399 494 463 577 ἄρα
481 493 518 556 τὸ
536 498 570 557 A
577 497 641 557 ZE
657 497 822 580 τρίγωνον
839 494 938 580 p.‘70‚
952 497 1009 582 21]
1034 497 1102 563 ἐπεὶ

87 595 151 665 οὖν
174 596 306 663 δέδοται
330 596 465 683 ἑκατέρα
483 609 551 663 τῶν
568 604 646 683 ΔΕ,
660 604 734 684 ΕΖ,
758 599 890 666 δέδοται
909 600 964 668 καὶ
983 603 1000 668 6
1019 606 1103 689 πρὸς

87 705 233 787 ἀλλήλας
262 705 373 769 αὐτῶν
401 707 499 787 λόγος
526 706 642 770 διὰτὸ
666 705 710 771 α’.
761 707 882 792 ὁμοίως
908 706 964 773 καὶ
991 710 1009 775 6
1034 721 1102 775 τῶν

86 816 167 895 ΕΖ,
187 816 247 875 ΖΛ
276 808 408 875 δέδοται
436 814 547 893 λόγος·
580 811 635 876 καὶ
659 815 706 877 ἔτι
730 813 747 878 6
771 825 839 878 τῶν
863 819 938 898 ΖΔ,
956 820 1026 880 ΔΕ
1049 815 1101 880 δέ·
1138 825 1154 873 5

88 919 183 982 δοται
207 920 313 999 λόγος.
350 920 420 982 ἔστι
444 914 480 982 δὲ
503 916 558 983 καὶ
582 916 701 1003 ἑκάστη
720 931 787 985 τῶν
804 926 848 1004 Δ,
862 926 903 1004 Ε,
923 926 950 985 Ζ
969 933 1101 1004 γωνιῶν

88 1021 249 1109 δεδομένη
273 1033 318 1111 τῷ
342 1022 485 1108 μεγέθει.
522 1023 655 1090 δέδοται
674 1027 738 1112 ἄρα
756 1027 793 1091 τὸ
811 1031 914 1091 ΔΕΖ
937 1031 1101 1115 τρίγωνον

87 1140 133 1218 τῷ
157 1132 248 1214 εἴδει,
272 1131 317 1207 ὡς
340 1131 377 1196 έν
399 1144 469 1208 τοῖς
491 1132 591 1217 ὅροις.

156 1257 207 1319 92.
235 1254 379 1320 Δέδοται
402 1256 467 1341 όίρα
489 1253 544 1320 καὶ
567 1257 605 1321 τὸ
629 1259 734 1321 ΑΒΓ
756 1280 786 1341 p.
807 1260 863 1342 70,
882 1257 939 1343 23]
969 1257 1038 1323 ἐπεὶ
1060 1260 1101 1324 τδι

88 1366 202 1446 ΑΒΓ,
225 1366 327 1426 ΔΕΖ
359 1364 505 1446 τρίγωνα
533 1360 699 1445 ἀνοίλογον
729 1365 846 1446 έχοντα
873 1365 931 1440 τὰς
957 1366 1102 1452 πλευρὰς
1121 1375 1155 1423 10

88 1468 234 1551 ἐδείχθη,
257 1478 324 1531 τῶν
347 1463 384 1530 δέ
407 1475 467 1531 τοῦ
486 1470 591 1532 ΑΒΓ
609 1469 776 1552 τριγώνου
794 1474 947 1555 πλευρῶν
966 1470 984 1535 6
1004 1474 1102 1554 λόγος

88 1574 106 1639 6
130 1575 212 1660 πρὸς
235 1572 379 1656 ἀλλήλας
397 1571 540 1656 δέδοται,
563 1572 718 1638 δέδονται
737 1570 773 1638 δὲ
792 1575 896 1639 αὐτοῦ
915 1577 953 1640 αλ
968 1581 1101 1658 γωνίαι·

88 1687 158 1744 ίσαι
182 1680 245 1764 γάρ
270 1681 333 1743 είσι
356 1691 428 1755 ταῖς
450 1688 510 1744 τοῦ
533 1683 635 1745 ΔΕΖ
663 1681 843 1764 τριγώνου·
877 1681 1009 1746 δέδοται
1037 1685 1101 1770 ἄρα

86 1797 133 1874 τῷ
157 1787 247 1869 ελδει,
272 1785 316 1861 ὡς
339 1784 376 1850 ἑν
397 1796 467 1861 τοῖς
490 1786 590 1871 ὅροις.

442 1997 495 2064 Ad
516 2020 607 2083 prop.
631 1997 745 2065 XLIII.
1120 2012 1153 2060 15

156 2126 208 2190 93.
241 2121 336 2188 Θέσει
355 2125 419 2208 ἄρα
439 2121 508 2188 ε’στλ
525 2124 562 2188 τὸ
581 2128 691 2188 ΔΗΕ
711 2123 907 2209 ἡμικύκλιον
929 2149 959 2209 p.
976 2126 1029 2209 76,
1042 2125 1100 2210 23]

88 2228 158 2295 ἐπεὶ
180 2232 243 2315 γὰρ
266 2241 370 2294 κεῖται
393 2228 414 2311 6
435 2233 505 2293 ΔΕ
525 2237 564 2314 τῇ
587 2227 682 2295 θέσει
704 2229 760 2294 καὶ
782 2240 828 2319 τῷ
850 2230 985 2316 μεγέθει
1007 2232 1101 2296 δεδο-

87 2337 180 2423 μένη,
203 2336 317 2420 δῆλον,
341 2336 402 2419 ὅτι,
426 2334 484 2400 ἐὰν
507 2341 618 2420 τμηθῇ
642 2336 718 2419 δίχα
741 2336 759 2401 6
782 2338 913 2420 κύκλος,
936 2340 1005 2403 ἔστι
1027 2336 1100 2403 κέν·
1148 2342 1149 2345 ’

87 2468 169 2527 τρον
186 2453 246 2508 τοῦ
265 2444 389 2507 κύκλου
408 2440 428 2524 6
447 2441 589 2526 ἡμίσεια,
607 2440 778 2508 τουτέστιν
796 2442 817 2525 6
837 2441 872 2509 ἐκ
885 2453 946 2509 τοῦ
960 2442 1100 2531 κέντρου
1165 2447 1168 2452 ’

160 2641 201 2690 91.
221 2633 669 2703 ΡΠῙαλαοΜοιιΑωδατσρλο,
734 2640 776 2690 92.
796 2654 819 2690 z.
882 2641 923 2691 93.
943 2637 1100 2691 Plvat.vb

87 2709 133 2776 (m.
144 2710 209 2776 rec.)
219 2707 293 2760 Mon.
300 2705 444 2773 Ααιοτκρ.

159 2891 183 2938 3.
203 2879 255 2938 οὖν
271 2915 303 2924 -
317 2882 385 2954 τῶν]
404 2880 457 2951 γὰρ
473 2878 623 2949 δεδομέναι
637 2881 707 2936 είαλν
721 2881 752 2935 αλ
769 2882 864 2936 Ambr.
928 2885 996 2955 τῶν]
1011 2883 1062 2952 τήν
1080 2883 1099 2939 l.

124 2962 148 3011 4.
165 2952 282 3026 ὁμοίως]
296 2953 343 3024 Pl,
359 2950 460 3022 ὁμοίως
473 2949 505 3006 δέ
519 2954 584 3006 cett.
640 2958 664 3006 5.
679 2951 760 3022 λόγος
774 2952 889 3008 δέδοται
902 2954 997 3008 Ambr.
1052 2952 1101 3009 καί

86 3058 122 3067 -
137 3032 160 3080 6.
181 3025 273 3097 λόγος]
293 3041 346 3080 om.
366 3043 388 3079 z.
453 3029 477 3077 6.
496 3024 564 3094 τῶν]
582 3031 638 3078 τῶν
656 3023 726 3092 τρός
744 3024 838 3079 Ambr.
907 3031 930 3079 7.
951 3022 1100 3097 δεδομένη]

86 3119 122 3170 -ῳ
140 3097 168 3152 b.
244 3103 284 3151 11.
305 3096 403 3167 ΑΒΓ]
418 3112 471 3149 om.
487 3113 501 3147 z
520 3093 572 3148 1ου.
588 3093 696 3149 relicta.
768 3100 808 3150 18.
829 3092 946 3164 κέντρου
962 3094 1038 3150 ἔσται
1050 3105 1101 3151 τοῦ

87 3169 190 3224 κύκλου
207 3167 302 3222 Ambr.
388 3163 505 3235 κέντρον
524 3197 558 3205 -
579 3170 620 3220 19.
639 3163 763 3238 ἡμίσεια]
782 3167 898 3222 καὶτοῦ
918 3166 1021 3222 κόκλου
1039 3165 1101 3237 ἡμί-

88 3256 149 3293 σεια
168 3239 195 3294 b.
250 3236 380 3309 κέντρον]
398 3237 416 3306 6
436 3237 467 3292 ἐκ
484 3246 534 3291 τοῦ
554 3233 671 3304 κέντρου
690 3255 713 3292 z.
787 3243 828 3291 19.
849 3237 865 3308 6
884 3236 1005 3309 ἡμίσεια,
1024 3257 1101 3292 τουτ-

87 3309 174 3382 έστιν]
192 3310 224 3365 τὸ
244 3318 370 3379 σημεῖον,
394 3306 465 3364 καθ’
487 3305 502 3363 6
525 3306 654 3376 τέμνεται
676 3305 742 3378 δίχα
764 3308 782 3378 6
801 3312 865 3364 ΔΕ.
902 3307 971 3434 666
990 3306 1101 3378 ἡμίσεια

88 3380 164 3435 ἔσται
185 3381 215 3436 ἐκ
234 3389 284 3437 τοῦ
303 3378 420 3450 κέντρου
439 3387 488 3433 τοῦ
507 3380 618 3434 κόκλου.
655 3379 705 3434 καὶ
723 3376 837 3434 δέδοται
855 3380 910 3434 Am
929 3398 950 3435 r.
1023 3399 1101 3444 κοντ-

84 3450 161 3508 έστιν
180 3485 214 3492 -
233 3450 368 3522 κέντρου]
390 3459 440 3522 τῆς
462 3448 627 3520 δεδομένης·
658 3451 707 3505 καὶ
735 3449 788 3520 γδιρ
812 3452 899 3506 αὐτοῦ
922 3452 954 3506 τὸ
979 3460 1102 3520 σημεῖον,

87 3522 157 3578 καθ’
175 3521 190 3578 ὃ
209 3524 226 3594 6
247 3520 405 3593 διχοτομία·
424 3518 473 3578 καί
491 3540 513 3576 z.
961 3537 963 3542 ·
