2400 3840
429 97 431 102 ’
509 126 614 179 narr.
1023 127 1068 192 45

53 274 133 338 data
156 275 207 337 est
229 270 335 356 [prop.
349 268 454 354 vulp
492 275 524 334 et
547 271 765 335 conuertendo
788 272 872 337 ratio
897 277 959 337 ZA
973 295 980 336 :
995 276 1074 337 AH
1082 290 1086 296 ·

12 429 18 438 .
53 379 134 443 data
151 381 202 442 ast
221 376 325 463 [prop.
339 374 394 460 Ἡ.
426 380 459 440 et
478 376 631 460 quoniam
648 376 733 442 ratio
752 377 985 463 magnitudinis
1003 383 1068 444 AB

54 485 97 550 ad
122 487 293 570 utramque
318 481 575 568 magnitudinem
597 488 631 547 A
637 484 673 567 Γ,
693 485 765 547 ΓΗ
783 467 858 548 data
880 489 943 569 ost,
970 485 1070 550 etiam

54 590 141 656 ratio
169 592 256 655 AF:
272 591 344 654 ΓΗ
371 589 447 675 data
474 575 536 652 orit
565 591 669 674 [prop.
694 587 799 673 vm}
849 593 1066 656 conuertendo

55 697 157 761 otiam
176 697 260 761 ratio
281 699 341 760 ΓΛ
355 719 363 759 2
376 699 454 759 AH
472 696 547 759 data
566 699 615 760 ost
636 697 739 781 [prop.
758 694 812 780 V]
848 718 962 762 uerum
984 698 1069 762 ratio

57 807 149 868 HA:
163 807 230 867 AZ
254 803 329 866 data
352 806 410 867 est.
456 823 554 885 quare
578 801 677 866 etiam
699 802 783 867 ratio
808 805 868 868 ΓΔ
881 827 889 867 :
902 809 936 869 A
942 808 968 868 Z
995 802 1071 867 data

56 914 108 975 ost
140 908 246 994 [prop.
269 907 388 1001 vulp
424 907 536 991 itaquo
564 908 663 972 etiam
690 909 774 974 ratio
803 912 865 974 ΓΖ
879 933 886 974 :
902 915 967 974 ΖΛ
994 911 1071 975 data

57 1021 108 1083 est
133 1018 237 1101 [prop.
257 1013 327 1097 VIJ.
372 1015 429 1079 sod
451 1013 546 1079 ratio·
559 1017 620 1079 ΓΖ
635 1037 643 1078 :
657 1020 726 1080 ΑΕ
746 1017 822 1080 data
844 1020 907 1101 est,
930 1038 947 1081 a
985 1016 1070 1081 ratio

59 1126 121 1186 ΖΛ
135 1145 143 1185 r
158 1125 225 1186 ΒΕ
245 1122 320 1186 data
342 1126 400 1186 est.
437 1141 514 1205 orgo
537 1120 622 1186 ratio
646 1122 791 1186 omnium
809 1123 1070 1210 magnitudinum

58 1229 99 1294 ad
126 1249 238 1292 omnes
262 1229 338 1292 data
360 1231 418 1292 ost.
534 1292 536 1297 .

505 1330 624 1397 XXIV.

129 1437 164 1504 si
195 1443 262 1503 tres
295 1443 402 1504 reatae
433 1438 691 1523 proportionales
726 1443 802 1503 sunt
834 1445 867 1537 et
898 1442 1003 1526 prima
1031 1441 1072 1507 ad

59 1546 195 1612 tertiam
226 1545 387 1610 rationem
413 1545 513 1609 habet
541 1544 664 1630 datam,
695 1545 795 1610 etiam
827 1546 868 1610 ad
899 1548 1073 1612 secundam

59 1652 222 1718 rationem
244 1651 378 1716 habebit
401 1651 518 1717 datam.

128 1759 195 1824 sint
218 1763 284 1823 tres
306 1762 414 1823 rectae
437 1757 695 1842 proportionales
718 1763 759 1843 A,
777 1762 820 1842 Β,
839 1761 875 1842 Γ,
897 1758 945 1823 ita
967 1764 1005 1823 ut
1028 1760 1072 1824 sit

60 1869 93 1930 A
108 1890 115 1930 :
130 1869 158 1930 Β
175 1895 216 1918 =
232 1868 260 1932 B
275 1888 282 1928 :
298 1868 338 1951 Γ,
370 1868 402 1928 et
430 1869 462 1927 A
490 1864 530 1927 ad
558 1866 590 1926 Γ
616 1863 777 1928 rationem
804 1864 923 1929 habeat
953 1865 1072 1930 datam.

58 1974 145 2058 dioo,
170 1995 241 2037 eam
264 1971 362 2036 etiam
386 1971 426 2035 ad
449 1975 477 2033 Β
501 1969 661 2034 rationem
684 1969 802 2034 habore
826 1970 944 2035 datam.

648 2124 816 2173 Ar-——u

473 2243 476 2279 ι
649 2227 877 2279 Ei—-u—-r

562 2347 565 2384 ι
650 2334 683 2385 Ζι
951 2350 954 2387 ι

131 2473 272 2554 ponatur
291 2465 376 2530 onim
396 2466 471 2529 data
489 2471 578 2531 roota
591 2471 631 2530 A.
665 2472 698 2531 et
716 2467 868 2550 quoniam
886 2468 970 2532 ratio
988 2474 1036 2532 A:
1049 2471 1082 2532 Γ

62 2576 141 2640 data
170 2579 233 2658 ost,
265 2573 376 2638 eadem
405 2577 501 2655 atque
529 2573 586 2637 illa
612 2574 671 2638 fiat
697 2573 782 2638 ratio
809 2579 864 2639 A:
879 2578 916 2638 Z.
965 2575 1076 2659 itaquo

63 2680 166 2745 etiam
189 2679 273 2743 ratio
295 2684 329 2742 A
343 2683 394 2743 :Z
422 2679 498 2742 data
525 2683 575 2744 eat
604 2678 679 2764 [def.
699 2678 743 2764 2].
793 2702 906 2746 uarum
929 2682 1004 2746 data
1026 2687 1076 2745 ast

63 2791 156 2851 recta
177 2791 219 2850 A.
264 2785 375 2871 itaquo
398 2784 497 2849 etiam
522 2789 549 2848 Z
572 2784 648 2849 data
671 2789 721 2850 est
746 2782 849 2872 [prop.
871 2768 931 2874 11].'
973 2809 1078 2852 suma·

63 2897 122 2956 tur
147 2896 309 2956 rectarum
330 2896 373 2976 A,
393 2895 421 2955 Z
448 2891 554 2955 modia
576 2890 829 2976 proportionalis
852 2896 884 2957 E
910 2892 985 2977 [VI,
1011 2892 1077 2976 13].

64 3020 165 3082 quara
183 3003 217 3062 A
226 3014 268 3066 ><
280 3002 359 3062 Z.=
369 2995 417 3062 Ε2
437 2996 507 3082 [V1‚
523 2998 587 3077 17].
620 2997 732 3061 datum
750 3002 801 3061 est
819 3002 927 3062 autom
941 3003 975 3063 A
981 3014 1024 3066 ><
1037 3003 1077 3082 Ζ,
1170 3031 1174 3038 ·

65 3105 145 3169 data
168 3109 218 3168 ost
240 3104 327 3169 onim
349 3108 486 3188 utraque
508 3125 626 3166 earum.
664 3123 761 3184 quaro
781 3104 879 3167 etiam
897 3102 944 3170 Ε2
967 3104 1079 3181 datum

65 3261 125 3330 ἄρα
144 3254 214 3329 noir
231 3263 262 3316 τὸ
282 3265 334 3316 ΕΒ
352 3261 434 3330 λόγος
453 3261 508 3316 ἐστὶ
527 3257 625 3323 (totuis
643 3277 669 3314 a.
744 3265 785 3314 12.
806 3259 862 3331 ἔχει
879 3262 904 3331 β.
983 3266 1024 3314 13.
1045 3262 1078 3333 Β]

69 3337 141 3387 Ha.
234 3338 275 3387 16.
299 3332 362 3404 τήν]
385 3332 417 3387 τό
436 3332 559 3387 PVauv.
651 3336 692 3386 17.
717 3328 864 3402 ἐκκείσθω]
888 3347 957 3386 oorr.
977 3348 1011 3385 ex
1034 3332 1079 3387 ἐκ·

64 3403 215 3476 βεβλήσθω
232 3422 268 3458 m.
289 3409 305 3458 2
323 3403 389 3458 Vat.
434 3405 556 3479 »εὐθεῖα
574 3402 592 3473 ἡ
611 3419 637 3458 a.
688 3405 747 3457 '23.
766 3403 870 3527 aurora]
888 3412 944 3458 τῶν
962 3411 996 3472 A,
1013 3407 1033 3458 Z
1053 3421 1079 3459 a.

103 3472 164 3546 uui]
184 3491 236 3530 om.
256 3491 282 3529 a.
355 3474 411 3529 ἀπὸ
431 3482 479 3544 τῆς
497 3491 522 3528 a.
595 3479 637 3528 24.
658 3472 742 3546 ἐστίν]
761 3495 792 3529 -ν
811 3473 848 3528 ad
869 3517 874 3528 .
893 3492 928 3529 m.
948 3481 964 3528 2
983 3494 1008 3529 v.
