2400 3840
392 174 431 224 m
448 173 618 224 ancmms
636 174 741 226 narr.
1009 174 1075 238 243

65 312 324 398 magnitudinem
351 313 404 377 uel
428 314 568 399 speciem
590 315 643 379 uel
665 313 872 399 positionem.
919 316 975 380 sed
997 317 1076 383 haec

64 418 210 483 definitio
231 419 414 504 generalior
428 425 491 504 est3
509 399 639 504 oroprie
659 424 768 484 autem
788 425 821 484 et
833 443 892 504 per
906 444 940 486 se
959 423 1079 487 ratio·

63 524 150 588 nale
173 524 207 588 id
226 529 285 610 est,
314 526 400 608 quod
419 525 645 610 cognoscimus
665 525 842 591 secundum
861 526 1002 612 aliquem
1020 550 1077 592 nu-

65 652 191 694 merum
213 651 273 714 pro
296 653 449 696 mensura
473 636 617 717 sumpta,
644 631 735 696 uelut
758 632 867 716 palmo
891 635 943 697 uel
963 634 1076 720 digito.

128 736 194 800 iam
225 736 278 800 his
310 741 386 801 ante
422 737 564 802 definitis
595 737 723 802 facilius
756 737 871 803 deinde
904 739 966 804 erit
1003 762 1076 806 con-

64 842 220 927 siderare,
252 840 369 927 quibus
402 843 500 907 rebus
532 843 603 928 illa,
633 865 715 928 quae
748 843 904 930 diximus,
939 851 972 910 et
1004 868 1077 910 con-

63 948 207 1013 sentiant
228 953 262 1012 et
285 948 448 1033 differant,
475 970 512 1013 ac
534 949 678 1033 primum
701 949 844 1035 quidem,
872 971 969 1033 quam
991 951 1077 1016 inter

63 1075 97 1118 se
115 1055 276 1118 rationem
293 1054 436 1118 habeant
459 1055 680 1119 ordinatum
703 1060 736 1119 et
758 1060 889 1119 notum
911 1060 1007 1139 atque
1027 1079 1075 1142 ea,

63 1181 144 1243 quae
163 1159 215 1224 his
231 1160 383 1244 opposita
401 1164 486 1224 sunt.
518 1160 599 1225 talia
611 1183 678 1224 non
692 1166 769 1226 sunt
783 1183 822 1225 ex
836 1160 886 1246 iis,
905 1184 986 1246 quae
1002 1184 1075 1227 con-

62 1270 184 1350 gruunt
202 1265 288 1330 inter
308 1288 351 1350 se,
372 1288 476 1351 neque
496 1288 535 1330 ex
552 1266 628 1348 illis,
652 1288 791 1351 quorum
810 1267 949 1332 alterum
972 1268 1074 1333 altero

60 1370 160 1435 latius
182 1377 282 1456 patet.
317 1388 405 1437 ‘nam
433 1372 562 1436 etiamsi
589 1372 693 1437 multa
714 1373 756 1438 iis
783 1374 966 1438 communia
990 1379 1075 1459 sunt,

61 1476 153 1541 uelut
165 1500 224 1561 per
238 1479 302 1543 duo
316 1482 438 1562 puncta
446 1477 566 1541 lineam
576 1483 698 1542 rectam
708 1479 888 1543 describere
903 1484 936 1543 et
944 1502 1002 1563 per
1011 1480 1075 1544 tria

61 1583 219 1648 circulum
238 1588 271 1648 et
285 1584 486 1670 triangulum
501 1583 736 1667 aequilaterum
751 1588 946 1669 construere,
965 1588 1075 1649 tamen

61 1689 216 1755 circulum
243 1691 284 1754 ad
307 1689 498 1774 quadratam
520 1688 660 1753 formam
683 1689 829 1774 redigere
854 1689 1074 1755 ordinatum

61 1795 191 1879 quidem
201 1801 260 1881 est,
272 1797 329 1860 sed
342 1794 598 1880 incognitum3
613 1800 710 1879 atque
720 1816 834 1859 exuno
843 1799 965 1878 puncto
975 1817 1074 1860 unam
1097 1784 1102 1791 ⁵

59 1901 178 1966 lineam
205 1906 327 1967 rectam
351 1901 503 1986 spiralem
526 1901 713 1986 contingere
742 1923 782 1965 ex
805 1900 999 1966 ordinatis
1022 1905 1073 1966 est

60 2011 93 2072 et
121 2030 161 2072 ex
186 2008 241 2092 iis,
274 2030 355 2092 quae
378 2007 474 2071 aliter
497 2029 531 2071 se
553 2007 674 2071 habere
696 2030 764 2072 non
785 2011 938 2093 possunt3
968 2029 1073 2091 neque

58 2117 170 2177 tamen
193 2113 261 2178 eius
285 2113 520 2178 demonstratio
549 2112 603 2176 uel
626 2112 826 2178 constructio
854 2113 986 2198 cognita
1013 2117 1073 2177 est.

59 2241 172 2284 rursus
199 2224 309 2284 autem
337 2219 438 2285 sectio
461 2218 590 2283 infinita
617 2223 650 2283 et
673 2218 831 2305 trianguli
854 2218 975 2284 scaleni
999 2241 1072 2284 con-

60 2324 197 2390 structio
217 2326 366 2410 cognitae
386 2329 471 2410 sunt,
493 2346 596 2409 neque
614 2347 692 2389 uero
712 2325 843 2389 eaedem
862 2325 1071 2415 ordinatae.
1090 2372 1102 2377 ι.

61 2430 172 2515 itaque
192 2433 335 2518 adparet,
358 2452 479 2516 eorum,
502 2452 583 2514 quae
606 2431 785 2495 ordinata
807 2435 893 2516 sunt,
915 2431 979 2496 3113
1002 2452 1072 2496 esse

58 2541 152 2622 nota,
182 2537 246 2602 alia
272 2537 400 2623 ignota,
427 2540 461 2601 et
488 2558 505 2601 e
533 2537 696 2603 contrario
725 2559 850 2622 eorum,
879 2559 959 2621 quae
992 2541 1072 2602 nota

59 2646 150 2726 sunt,
183 2644 247 2708 alia
275 2643 467 2727 ordinata,
500 2643 565 2708 3113
591 2643 824 2708 inordinata.
869 2647 967 2728 atque
990 2644 1070 2709 haec

57 2747 105 2812 ita
123 2748 209 2814 inter
223 2772 257 2814 se
275 2750 408 2833 habent,
420 2753 459 2813 ut
474 2770 525 2813 ars
540 2749 718 2814 disserendi
736 2755 769 2814 et
784 2750 887 2814 oratio
901 2749 1069 2834 pedestris.

57 2877 161 2939 neque
190 2857 276 2921 enim
302 2856 360 2921 illa
386 2855 473 2918 inter
500 2875 535 2918 se
561 2855 653 2938 paria
684 2859 773 2941 sunt,
799 2876 903 2938 neque
930 2854 1070 2919 alterum

58 2960 161 3026 altero
183 2962 283 3026 latius
305 2964 404 3046 patet.

118 3067 233 3133 similis
244 3072 354 3132 autem
363 3066 448 3131 ratio
458 3066 630 3132 intercedit
638 3065 724 3130 inter
739 3065 955 3129 ordinatum
972 3068 1069 3148 atque

56 3171 321 3239 inordinatum
341 3178 373 3237 et
387 3172 565 3256 parabile
585 3193 622 3236 ac
640 3193 716 3237 non
734 3170 922 3255 parabile.
949 3175 1069 3235 namet

56 3279 197 3344 maxima
210 3280 251 3344 iis
266 3278 481 3346 communitas
496 3282 546 3342 est
561 3281 594 3341 et
607 3299 654 3363 ea,
668 3299 766 3362 quam
780 3276 929 3360 diximus,
942 3275 1068 3340 ratione

56 3433 168 3505 ἄπηρον
186 3453 213 3490 v.
298 3441 340 3491 23.
360 3435 430 3506 πρός
443 3435 527 3506 (alan
546 3431 595 3489 καί
614 3451 675 3488 com
696 3433 782 3489 ‚Vas
860 3437 902 3489 26.
921 3428 970 3488 καί
984 3432 1070 3505 ulta]

56 3523 109 3561 om.
129 3505 181 3561 Pr.
255 3512 296 3562 28.
317 3525 423 3563 ενεστιν
441 3506 471 3562 P.
543 3504 697 3576 πλήστη.
903 3538 906 3543 -

856 3591 906 3646 16⁸
