2400 3840
130 158 196 222 240
301 157 430 208 MARINI
447 155 668 206 PHILOSOPHI
687 152 970 205 COMMENTARIUS

132 300 200 367 ἐστὶ
223 302 379 381 σταδίων,
401 296 592 382 κατέλαβον,
616 295 671 361 καὶ
693 305 753 360 τοῦ
776 295 942 381 τριγώνου
966 295 1018 359 ὅτι
1042 296 1081 359 αί
1098 294 1149 358 ἐν-

131 411 187 484 τὸς
219 406 317 472 δυσὶν
345 406 466 492 ὀρθαῖς
495 411 577 488 ίσαι,
608 401 664 468 καὶ
694 404 744 467 ότι
771 403 791 485 ή
821 401 856 466 έκ
884 402 946 466 δύο
974 400 1150 485 ὀνομάτων

132 517 252 596 ἀλογός
275 513 373 578 έστιν.
409 515 458 576 ἔτι
480 513 546 595 μήν
568 509 624 574 καὶ
646 510 686 573 τά
709 509 821 573 τοιάδε
839 508 990 592 γνώριμοι
1009 506 1151 589 λέγεται,

133 622 177 697 ὡς
200 623 237 685 τὸ
260 623 341 703 μίαν
364 614 448 683 εἶναι
472 619 533 700 τήν
553 613 783 701 ἐφαπτομένην
800 623 859 697 τής
877 613 985 689 ἕλικος
1004 613 1071 678 ἀπὸ
1089 623 1151 678 τοῦ

99 727 194 804 δέξω
224 725 385 801 δοθέντος
412 727 548 809 σημείου
577 720 630 786 ἐπὶ
656 720 783 806 θάτερα
810 718 901 805 μέρη.
947 722 979 784 εί
1005 720 1070 804 γάρ
1095 717 1151 784 καὶ

134 836 215 916 άλλη
235 839 296 915 είη,
315 833 377 896 δύο
397 831 526 896 εὐθεῖαι
545 831 668 914 χωρίον
686 826 904 912 περιέξουσιν,
924 825 1004 911 ὅπερ
1024 825 1152 890 ἀδύνα-

133 963 200 1004 τον.
252 942 405 1022 ἀγνωστα
438 935 474 1001 δὲ
507 936 547 1000 οὐ
579 937 620 999 τὰ
652 934 756 1016 ἀλογά
784 933 887 1016 ε’στιν,
925 932 1008 998 ἀλλά
1036 933 1078 996 τὰ
1106 933 1151 1015 μή

135 1047 383 1127 γιγνωσκόμενα
406 1038 488 1126 μηδὲ
511 1042 826 1123 καταλαμβανόμενα
849 1036 910 1122 ὑφ’
932 1039 1035 1122 ήμῶν.

200 1151 343 1233 πόριμον
373 1146 413 1211 δέ
438 1148 541 1229 ἐστιν,
575 1146 592 1209 ὃ
621 1148 763 1210 δυνατοί
787 1145 884 1229 ε’σμεν
916 1145 980 1226 ήδη
1013 1154 1152 1227 ποιήσαι

84 1265 116 1312 10
135 1253 189 1318 καὶ
227 1254 483 1335 κατασκευάσαι,
523 1252 694 1317 τουτέστιν
731 1254 777 1328 είς
814 1252 965 1316 ἐπίνοιαν
1002 1250 1151 1333 ἀγαγεῖν.

136 1361 242 1435 άλλως
265 1357 302 1424 δὲ
324 1361 425 1424 πάλιν
448 1360 612 1445 ὁρίζονται
635 1361 672 1423 τὸ
696 1362 840 1444 πόριμον
857 1359 931 1440 ήτοι
949 1359 987 1421 τὸ
1006 1355 1053 1421 δι’
1071 1357 1151 1423 ἀπο-

136 1463 266 1543 δειῖεως
282 1469 508 1551 ποριζόμενον,
526 1465 546 1548 ή
566 1466 646 1530 ὅταν
664 1489 696 1529 τι
715 1468 919 1553 φαινόμενον
937 1458 959 1550 ᾖ
977 1462 1033 1528 καὶ
1050 1462 1152 1549 χωρὶς

136 1571 343 1650 ἀποδείξεως·
363 1563 436 1637 οἷόν
455 1571 523 1636 ἐστι
542 1574 579 1636 τὸ
598 1570 722 1658 κέντρῳ
742 1569 796 1635 καὶ
812 1572 1007 1655 διαστήματι
1026 1572 1153 1634 κύκλον

136 1680 261 1765 γράψαι
289 1678 345 1743 καὶ
371 1680 409 1743 τὸ
437 1681 601 1764 τρίγωνον
629 1680 859 1760 συστήσασθαι
888 1677 928 1742 οὐ
951 1679 1058 1761 μόνον
1084 1679 1152 1741 ίσό-

85 1795 117 1841 15
137 1790 291 1870 πλευρον,
315 1785 397 1850 ἀλλά
415 1783 470 1849 καὶ
489 1782 742 1868 σκαληνόν,’καὶ
761 1785 822 1867 τήν
841 1783 876 1847 ἐκ
895 1784 957 1846 δύο
976 1783 1153 1866 ὀνομάτων

138 1892 248 1976 εὑρεῖν
279 1889 334 1955 καὶ
363 1902 451 1977 τρεῖς
479 1891 612 1965 εὐθείας
639 1890 740 1976 ῥητάς
767 1889 907 1972 δυνάμει
935 1891 1040 1973 μόνον
1069 1906 1153 1972 συμ-

137 1996 288 2082 μέτρους·
313 1995 368 2061 καὶ
390 1997 431 2060 τά
455 1996 638 2083 ἀπειραχῶς
662 1993 699 2060 δὲ
721 1998 878 2079 γινόμενα
901 1994 1025 2081 πόριμά
1050 1995 1153 2079 ἐστιν,

138 2105 246 2189 ὥσπερ
274 2105 311 2168 τὸ
340 2105 395 2167 διὰ
423 2104 485 2167 δύο
513 2106 658 2186 σημείων
687 2103 811 2167 κύκλον
838 2103 971 2188 γράψαι.
1022 2104 1153 2187 άπορον

138 2209 178 2273 δέ
199 2209 267 2274 ἐστι
290 2211 327 2273 τὸ
352 2207 584 2293 ἀντικειμένως
606 2211 693 2292 ἔχον,
717 2208 762 2284 ὡς
779 2208 797 2273 ὁ
815 2217 876 2273 τοῦ
894 2209 1018 2273 κύκλου
1037 2232 1153 2293 τετρα-

86 2324 119 2371 20
137 2320 315 2400 γωνισμός
348 2317 439 2380 οὔπω
468 2317 531 2400 γάρ
560 2316 650 2379 ε’στιν
678 2315 714 2380 ε’ν
741 2318 847 2402 πόρῳ,
876 2317 907 2379 εί
931 2313 987 2378 καὶ
1015 2307 1090 2379 οἷόν
1118 2339 1154 2380 τε

138 2423 218 2486 αὐτὸ
246 2428 450 2503 πορισθῆναι
477 2425 535 2484 καί
559 2420 650 2485 ε’στιν
680 2422 865 2503 ἐπιστητόν·
899 2421 1059 2506 ἐπιστήμη
1087 2423 1152 2507 γὰρ

140 2527 242 2589 αὐτοῦ
266 2527 357 2589 οὔπω
381 2529 601 2608 κατείληπται.
638 2536 702 2591 νῦν
726 2524 763 2591 δέ
785 2525 860 2612 περὶ
883 2537 942 2591 τοῦ
966 2529 1030 2610 ήδη
1054 2529 1154 2605 ὄντος

139 2632 176 2695 έν
203 2633 294 2717 πόρῳ
322 2632 340 2697 δ
365 2635 462 2713 λόγος
488 2632 697 2716 ἀποδίδοται,
730 2634 809 2718 ὅπερ
833 2632 888 2697 καὶ
909 2637 1034 2719 κυρίως
1057 2637 1154 2719 κόρι-

139 2761 202 2822 μον
230 2737 497 2822 ἐπονομάζουσιν.
547 2740 584 2803 τὸ
613 2741 676 2826 γάρ
704 2743 799 2823 μήπω
827 2739 867 2804 δν
896 2740 932 2804 έν
959 2743 1067 2827 πόρῳ,
1100 2740 1153 2805 ε’ν-

87 2851 121 2899 25
141 2845 319 2928 δεχόμενον
333 2840 370 2907 δὲ
383 2851 588 2930 πορισθῆναι
602 2847 761 2931 ποριστὸν
777 2847 870 2922 ἰδίως
883 2847 1153 2931 προσαγορεύου-

140 2969 203 3015 σιν.
240 2952 367 3036 ἀπορον
390 2949 430 3014 δέ
445 2949 545 3034 ἐστιν,
569 2952 613 3026 ὡς
632 2957 768 3037 είρηται,
791 2953 827 3015 τὸ
847 2961 892 3039 τῷ
911 2955 1041 3038 πορίμῳ
1061 2951 1154 3016 ἀντι-

139 3061 301 3141 κείμενον,
323 3055 494 3121 τουτέστιν
517 3053 558 3121 οὗ
581 3058 600 3140 ή
626 3060 753 3140 ζήτησις
777 3057 966 3143 ἀδιάκριτός
989 3057 1089 3123 ἐστιν.

206 3165 308 3247 ῥητὸν
327 3162 367 3227 δέ
383 3162 482 3245 ἐστιν,
501 3159 602 3249 οὗπερ
622 3167 738 3248 ἔχομεν
756 3166 860 3228 είπεῖν
874 3162 1049 3248 μέγεθοςή
1065 3159 1155 3241 είδος

212 3361 235 3409 8.
256 3355 445 3424 γινωσκόμενα
464 3354 494 3409 Ρ.
573 3361 614 3409 10.
633 3352 754 3409 τουτέστι
772 3355 868 3409 Ἶσόν.
947 3361 988 3410 13.
1010 3355 1078 3427 ἐστι]
1098 3373 1152 3410 om.

141 3425 205 3478 vat.
275 3433 316 3480 17.
336 3427 494 3494 γιγνόμενοι
512 3426 576 3480 Vat.
644 3432 685 3481 21.
706 3425 851 3498 ἐπιστήμη]
872 3423 1007 3494 ἐπίστημα
1026 3445 1052 3480 v,
1109 3433 1153 3481 24.

141 3495 172 3547 τό
195 3528 224 3535 -
245 3502 286 3550 25.
307 3495 350 3567 δέ]
369 3515 424 3566 mg.
443 3515 479 3550 m.
500 3502 514 3549 1
535 3498 557 3550 P
576 3499 638 3566 (om.
656 3496 706 3564 όν).
779 3502 821 3551 27.
841 3498 872 3567 ἡ]
892 3515 945 3551 om.
965 3514 990 3551 V.
