2400 3840
389 185 428 235 ru
446 182 615 235 aurnuns
633 184 738 235 nnus.
1007 181 1074 245 253

59 326 258 412 declaratur,
289 326 480 410 imperfecta
507 330 571 411 est3
602 349 678 391 nam
705 327 784 390 haec
811 347 878 390 non
905 326 976 391 sola
998 326 1075 391 data

60 437 146 496 sunt.
197 437 293 516 atque
326 455 377 518 ea,
409 455 473 518 qua
506 431 747 497 ordinatum
780 436 813 497 et
845 431 1075 518 rationale,

60 538 184 622 pariter
216 538 344 603 datum
375 560 442 603 non
473 539 567 623 plene
601 537 835 622 complectitur.
886 561 924 603 ea
956 542 1075 622 autem,

63 666 126 729 qua
162 649 296 708 notum
327 645 475 728 idemque
509 644 730 709 ordinatum
767 643 964 730 declaratur,
1000 645 1075 728 quia

62 750 269 835 propositum
298 751 438 837 excedit,
464 750 586 815 uitiosa
613 751 688 836 erit3
718 773 823 835 neque
851 751 937 816 enim
966 751 1075 816 omnia

61 856 132 920 eius
156 856 283 942 generis
307 858 384 921 data
412 861 496 922 sunt.
549 856 574 920 ii
600 857 704 943 igitur
730 859 795 921 iam
819 857 881 922 soli
907 856 1075 922 notionem

64 962 155 1027 dati
184 962 312 1047 assequi
339 963 505 1048 uidentur,
536 961 592 1046 qui
618 967 761 1028 notum
787 962 936 1047 idemque
967 984 1077 1046 para-

63 1069 141 1133 bile
168 1068 203 1132 id
231 1089 300 1132 esse
326 1070 584 1154 affirmauerunt3
612 1068 721 1132 omnia
744 1069 830 1133 enim
854 1069 922 1133 eius
947 1067 1074 1154 generis

64 1174 370 1259 comprehensibilia
388 1179 464 1239 sunt
480 1178 577 1258 atque
592 1174 669 1238 sola.
697 1175 815 1239 horum
830 1180 938 1241 autem
952 1179 1076 1240 utrum-

66 1301 128 1363 que
151 1279 186 1342 in
209 1279 460 1365 definitionibus,
485 1302 566 1364 quae
584 1281 688 1364 perite
713 1281 947 1367 exprimuntur,
968 1281 1076 1347 inesse

65 1385 169 1449 debet.
199 1407 300 1470 prope
321 1387 362 1450 ab
381 1386 446 1451 illis
466 1387 595 1471 absunt,
612 1387 712 1450 etiam
730 1386 786 1470 qui
805 1387 852 1453 sic
863 1392 1076 1471 componunt:

65 1492 196 1556 datum
222 1497 286 1577 est,
323 1493 410 1576 quod
436 1513 494 1576 per
522 1513 572 1577 ea,
605 1513 687 1575 quae
714 1492 750 1555 in
775 1493 890 1577 primis
917 1493 1077 1578 hypothe-

64 1597 154 1661 sibus
174 1602 206 1661 et
224 1597 393 1682 principiis
413 1621 432 1662 a
449 1597 544 1661 nobis
562 1596 672 1681 posita
690 1602 776 1683 sunt,
798 1620 972 1683 possumus
992 1620 1077 1664 conr-

62 1725 185 1786 parare.
232 1727 270 1768 ex
293 1703 344 1788 iis,
367 1704 405 1768 de
429 1700 547 1787 quibus
570 1702 667 1766 modo
691 1702 815 1767 dictum
838 1707 901 1788 est,
923 1702 1076 1767 Euclides

64 1831 191 1893 quoque
225 1813 287 1894 est,
325 1831 399 1874 cum
435 1808 554 1892 ubique
587 1809 688 1873 uerbo
720 1811 924 1895 πορίσασθαι
955 1812 1078 1894 utatur,

62 1915 192 1979 etiamsi
224 1915 466 1999 praetermittat
496 1918 630 1978 notum
666 1920 835 1999 tamquam
868 1915 1077 1980 coniunctum

63 2045 138 2086 cum
160 2021 340 2105 parabili.
377 2021 494 2086 merito
514 2025 623 2086 autem
643 2021 760 2104 aliquis
779 2043 853 2085 eum
871 2020 1079 2107 incusauerit,

64 2129 149 2210 quod
167 2149 235 2192 non
252 2127 343 2212 prius
362 2127 493 2192 datum
511 2127 661 2191 uniuerso
681 2126 851 2213 definierit,
874 2127 930 2191 sed
949 2126 1077 2212 singula

62 2233 133 2297 eius
162 2254 281 2318 genera
312 2232 503 2319 separatim,
535 2255 732 2317 quamquam
764 2234 911 2317 adparet,
943 2254 1016 2296 eum
1043 2233 1079 2297 in

63 2339 233 2404 elementis
261 2340 469 2425 geometricis
492 2344 566 2404 ante
591 2361 710 2425 genera
731 2338 836 2404 lineae
858 2338 978 2403 lineam
1001 2338 1078 2403 sinr-

63 2446 183 2530 plicem
206 2446 392 2511 definiuisse
415 2450 449 2510 et
472 2445 598 2530 reliqua
621 2445 720 2510 simili
742 2445 877 2510 ratione.

131 2553 221 2616 dato
240 2551 345 2636 igitur
362 2552 467 2638 magis
486 2551 636 2616 uniuerse
656 2555 689 2616 et
706 2553 746 2616 ad
763 2557 968 2636 praesentem
982 2574 1078 2616 usum

65 2659 209 2744 cognito,
232 2658 384 2741 deinceps
407 2657 584 2722 utilitatem
608 2657 837 2743 disputationis
862 2659 900 2723 de
924 2680 962 2722 eo
986 2657 1080 2722 insti-

64 2768 155 2828 tutae
179 2785 388 2849 exponamus.
425 2767 475 2828 est
497 2763 600 2848 igitur
621 2763 684 2829 hoc
708 2785 836 2848 quoque
861 2763 972 2848 exiis,
996 2785 1077 2847 quae

67 2870 108 2933 ad
131 2870 219 2934 aliud
242 2871 404 2954 quoddam
427 2870 594 2934 referenda
618 2873 702 2933 sunt.
740 2868 780 2932 ad
802 2867 911 2933 locum
935 2868 1021 2933 enim
1040 2869 1079 2932 de

64 2976 279 3062 resolutione,
308 2977 364 3060 qui
386 2981 535 3060 uocatur,
563 2974 703 3039 maxime
730 2973 913 3038 necessaria
935 2978 986 3037 est
1009 2973 1079 3038 eius

65 3082 219 3167 cognitio
271 3082 363 3147 locus
390 3087 500 3147 autem
531 3083 570 3146 de
598 3079 797 3145 resolutione
827 3083 983 3163 quantam
1009 3079 1078 3143 uim

63 3188 184 3253 habeat
210 3189 246 3252 in
273 3187 512 3253 mathematicis
540 3192 637 3272 atque
664 3186 700 3250 in
723 3185 841 3270 opticis
869 3189 902 3248 et
925 3185 960 3248 in
983 3206 1080 3249 cano-

64 3294 156 3379 niciS,
176 3317 257 3379 quae
278 3294 472 3380 cognatione
492 3295 631 3378 quadam
650 3315 724 3357 cum
742 3292 783 3356 iis
803 3292 977 3357 coniuncta
995 3294 1081 3376 sunt,

68 3400 132 3464 alio
155 3400 228 3465 loco
253 3399 424 3464 definitum
447 3403 510 3484 est,
539 3403 636 3482 atque
664 3397 897 3462 resolutionem
919 3396 1081 3461 inuentio-

66 3527 142 3569 nem
161 3527 230 3570 esse
249 3505 549 3591 demonstrationis
567 3510 599 3570 et
618 3505 780 3588 quomodo
799 3505 840 3568 ad
857 3503 1082 3569 inuentionem
