<?xml version="1.0" encoding="UTF-8"?>
<!DOCTYPE html PUBLIC "-//W3C//DTD XHTML 1.0 Transitional//EN"
    "http://www.w3.org/TR/xhtml1/DTD/xhtml1-transitional.dtd">
<html xmlns="http://www.w3.org/1999/xhtml" xml:lang="en" lang="en">
 <head>
  <title>
</title>
<meta http-equiv="Content-Type" content="text/html;charset=utf-8" />
  <meta name='ocr-system' content='tesseract 3.04.00' />
  <meta name='ocr-capabilities' content='ocr_page ocr_carea ocr_par ocr_line ocrx_word'/>
</head>
<body>
  <div class='ocr_page' id='page_1' title='image "./euclidisoperaom05unkngoog_0140.png"; bbox 0 0 2400 3840; ppageno 0'>
   <div class='ocr_carea' id='block_1_1' title="bbox 540 172 1098 239">
    <p class='ocr_par' dir='ltr' id='par_1_1' title="bbox 540 172 1098 239">
     <span class='ocr_line' id='line_1_1' title="bbox 540 172 1098 239; baseline 0 -13"><span class='ocrx_word' id='word_1_1' title='bbox 540 175 644 227; x_wconf 75' lang='lat' dir='ltr'>DATA.</span> <span class='ocrx_word' id='word_1_2' title='bbox 1057 172 1098 239; x_wconf 76' lang='grc'><strong>67</strong></span> 
     </span>
    </p>
   </div>
   <div class='ocr_carea' id='block_1_2' title="bbox 82 317 1106 1039">
    <p class='ocr_par' dir='ltr' id='par_1_2' title="bbox 82 317 1099 508">
     <span class='ocr_line' id='line_1_2' title="bbox 83 317 1099 403; baseline 0.002 -21"><span class='ocrx_word' id='word_1_3' title='bbox 83 322 158 382; x_wconf 83' lang='grc' dir='ltr'><strong>ΕΗ</strong></span> <span class='ocrx_word' id='word_1_4' title='bbox 177 317 339 382; x_wconf 77' lang='lat' dir='ltr'><strong>rationem</strong></span> <span class='ocrx_word' id='word_1_5' title='bbox 361 317 402 381; x_wconf 84' lang='lat' dir='ltr'><strong>ad</strong></span> <span class='ocrx_word' id='word_1_6' title='bbox 420 321 484 380; x_wconf 87' lang='grc' dir='ltr'><strong>ΕΖ</strong></span> <span class='ocrx_word' id='word_1_7' title='bbox 506 317 630 381; x_wconf 85' lang='lat' dir='ltr'><strong>habens</strong></span> <span class='ocrx_word' id='word_1_8' title='bbox 650 317 768 402; x_wconf 79' lang='lat' dir='ltr'><strong>datum,</strong></span> <span class='ocrx_word' id='word_1_9' title='bbox 786 323 819 382; x_wconf 89' lang='lat' dir='ltr'><strong>et</strong></span> <span class='ocrx_word' id='word_1_10' title='bbox 837 340 895 402; x_wconf 90' lang='lat' dir='ltr'><strong>per</strong></span> <span class='ocrx_word' id='word_1_11' title='bbox 912 323 952 382; x_wconf 88' lang='lat' dir='ltr'><em>H</em></span> <span class='ocrx_word' id='word_1_12' title='bbox 970 319 1099 403; x_wconf 87' lang='lat' dir='ltr'><strong>utrique</strong></span> 
     </span>
     <span class='ocr_line' id='line_1_3' title="bbox 82 422 1099 508; baseline 0.002 -20"><span class='ocrx_word' id='word_1_13' title='bbox 82 427 191 488; x_wconf 79' lang='lat' dir='ltr'><strong>rectae</strong></span> <span class='ocrx_word' id='word_1_14' title='bbox 225 427 305 508; x_wconf 84' lang='lat' dir='ltr'><strong>AB,</strong></span> <span class='ocrx_word' id='word_1_15' title='bbox 333 425 395 487; x_wconf 92' lang='grc' dir='ltr'><strong>ΓΔ</strong></span> <span class='ocrx_word' id='word_1_16' title='bbox 430 422 585 506; x_wconf 81' lang='lat' dir='ltr'><strong>parallels</strong></span> <span class='ocrx_word' id='word_1_17' title='bbox 619 428 708 487; x_wconf 79' lang='lat' dir='ltr'><strong>recta</strong></span> <span class='ocrx_word' id='word_1_18' title='bbox 739 423 825 487; x_wconf 83' lang='lat' dir='ltr'><strong>linea</strong></span> <span class='ocrx_word' id='word_1_19' title='bbox 856 425 992 490; x_wconf 79' lang='lat' dir='ltr'><strong>ducatur</strong></span> <span class='ocrx_word' id='word_1_20' title='bbox 1027 428 1099 490; x_wconf 82' lang='grc' dir='ltr'><strong>ΘΚ.</strong></span> 
     </span>
    </p>

    <p class='ocr_par' dir='ltr' id='par_1_3' title="bbox 83 529 1106 1039">
     <span class='ocr_line' id='line_1_4' title="bbox 83 529 678 615; baseline -0.002 -20"><span class='ocrx_word' id='word_1_21' title='bbox 83 529 166 615; x_wconf 83' lang='lat' dir='ltr'><strong>dioo,</strong></span> <span class='ocrx_word' id='word_1_22' title='bbox 191 532 261 594; x_wconf 80' lang='grc' dir='ltr'><strong>ΘΚ</strong></span> <span class='ocrx_word' id='word_1_23' title='bbox 280 530 390 593; x_wconf 76' lang='lat' dir='ltr'><strong>datam</strong></span> <span class='ocrx_word' id='word_1_24' title='bbox 413 551 483 594; x_wconf 88' lang='lat' dir='ltr'><strong>esse</strong></span> <span class='ocrx_word' id='word_1_25' title='bbox 506 529 678 614; x_wconf 77' lang='lat' dir='ltr'>positione.</span> 
     </span>
     <span class='ocr_line' id='line_1_5' title="bbox 149 634 1100 721; baseline 0.001 -21"><span class='ocrx_word' id='word_1_26' title='bbox 149 658 227 700; x_wconf 84' lang='lat' dir='ltr'><strong>narn</strong></span> <span class='ocrx_word' id='word_1_27' title='bbox 251 639 399 700; x_wconf 76' lang='lat' dir='ltr'><strong>sumatur</strong></span> <span class='ocrx_word' id='word_1_28' title='bbox 420 634 455 699; x_wconf 89' lang='lat' dir='ltr'><strong>in</strong></span> <span class='ocrx_word' id='word_1_29' title='bbox 478 638 567 700; x_wconf 84' lang='lat' dir='ltr'><strong>reota</strong></span> <span class='ocrx_word' id='word_1_30' title='bbox 589 640 656 700; x_wconf 86' lang='lat' dir='ltr'><strong>AB</strong></span> <span class='ocrx_word' id='word_1_31' title='bbox 679 637 792 700; x_wconf 83' lang='lat' dir='ltr'><strong>datum</strong></span> <span class='ocrx_word' id='word_1_32' title='bbox 814 642 971 721; x_wconf 87' lang='lat' dir='ltr'><strong>punctum</strong></span> <span class='ocrx_word' id='word_1_33' title='bbox 994 640 1042 720; x_wconf 87' lang='lat' dir='ltr'><strong>N,</strong></span> <span class='ocrx_word' id='word_1_34' title='bbox 1067 642 1100 701; x_wconf 89' lang='lat' dir='ltr'><strong>et</strong></span> 
     </span>
     <span class='ocr_line' id='line_1_6' title="bbox 84 741 1106 826; baseline 0.001 -20"><span class='ocrx_word' id='word_1_35' title='bbox 84 743 222 808; x_wconf 83' lang='lat' dir='ltr'><strong>dueatur</strong></span> <span class='ocrx_word' id='word_1_36' title='bbox 245 743 285 805; x_wconf 81' lang='lat' dir='ltr'><strong>ab</strong></span> <span class='ocrx_word' id='word_1_37' title='bbox 304 746 343 807; x_wconf 95' lang='lat' dir='ltr'><strong><em>N</em></strong></span> <span class='ocrx_word' id='word_1_38' title='bbox 362 742 402 805; x_wconf 85' lang='lat' dir='ltr'><strong>ad</strong></span> <span class='ocrx_word' id='word_1_39' title='bbox 426 744 487 806; x_wconf 87' lang='grc' dir='ltr'><strong>ΓΛ</strong></span> <span class='ocrx_word' id='word_1_40' title='bbox 509 741 783 826; x_wconf 80' lang='lat' dir='ltr'>perpendicularis</span> <span class='ocrx_word' id='word_1_41' title='bbox 806 747 895 808; x_wconf 78' lang='lat' dir='ltr'><strong>recta</strong></span> <span class='ocrx_word' id='word_1_42' title='bbox 917 743 1002 807; x_wconf 79' lang='lat' dir='ltr'><strong>linea</strong></span> <span class='ocrx_word' id='word_1_43' title='bbox 1020 747 1106 807; x_wconf 92' lang='lat' dir='ltr'><strong>NM</strong></span> 
     </span>
     <span class='ocr_line' id='line_1_7' title="bbox 83 848 1100 933; baseline 0 -21"><span class='ocrx_word' id='word_1_44' title='bbox 83 854 116 912; x_wconf 87' lang='lat' dir='ltr'><strong>ot</strong></span> <span class='ocrx_word' id='word_1_45' title='bbox 144 849 301 913; x_wconf 83' lang='lat' dir='ltr'><strong>educatur</strong></span> <span class='ocrx_word' id='word_1_46' title='bbox 328 848 369 911; x_wconf 82' lang='lat' dir='ltr'><strong>sd</strong></span> <span class='ocrx_word' id='word_1_47' title='bbox 400 851 437 912; x_wconf 87' lang='grc' dir='ltr'><strong>Λ.</strong></span> <span class='ocrx_word' id='word_1_48' title='bbox 475 848 647 932; x_wconf 61' lang='lat' dir='ltr'><strong>quonium</strong></span> <span class='ocrx_word' id='word_1_49' title='bbox 680 869 700 911; x_wconf 86' lang='lat' dir='ltr'>a</span> <span class='ocrx_word' id='word_1_50' title='bbox 731 848 807 912; x_wconf 86' lang='lat' dir='ltr'><strong>dato</strong></span> <span class='ocrx_word' id='word_1_51' title='bbox 839 853 960 933; x_wconf 87' lang='lat' dir='ltr'><strong>punoto</strong></span> <span class='ocrx_word' id='word_1_52' title='bbox 993 853 1032 913; x_wconf 95' lang='lat' dir='ltr'><strong><em>N</em></strong></span> <span class='ocrx_word' id='word_1_53' title='bbox 1059 849 1100 912; x_wconf 80' lang='lat' dir='ltr'><strong>ad</strong></span> 
     </span>
     <span class='ocr_line' id='line_1_8' title="bbox 618 954 1099 1039; baseline 0.002 -23"><span class='ocrx_word' id='word_1_54' title='bbox 618 957 740 1017; x_wconf 81' lang='lat' dir='ltr'><strong>rectam</strong></span> <span class='ocrx_word' id='word_1_55' title='bbox 785 954 949 1039; x_wconf 72' lang='lat' dir='ltr'><strong>positione</strong></span> <span class='ocrx_word' id='word_1_56' title='bbox 990 955 1099 1018; x_wconf 82' lang='lat' dir='ltr'><strong>datam</strong></span> 
     </span>
    </p>
   </div>
   <div class='ocr_carea' id='block_1_3' title="bbox 84 1039 1131 1465">
    <p class='ocr_par' dir='ltr' id='par_1_4' title="bbox 84 1039 1131 1436">
     <span class='ocr_line' id='line_1_9' title="bbox 528 1039 1099 1126; baseline 0.005 -4"><span class='ocrx_word' id='word_1_57' title='bbox 528 1039 560 1090; x_wconf 72' lang='lat' dir='ltr'><strong><em>K</em></strong></span> <span class='ocrx_word' id='word_1_58' title='bbox 617 1062 678 1123; x_wconf 84' lang='grc' dir='ltr'><strong>ΓΔ</strong></span> <span class='ocrx_word' id='word_1_59' title='bbox 705 1064 794 1124; x_wconf 82' lang='lat' dir='ltr'><strong>reeta</strong></span> <span class='ocrx_word' id='word_1_60' title='bbox 820 1060 907 1124; x_wconf 85' lang='lat' dir='ltr'><strong>linea</strong></span> <span class='ocrx_word' id='word_1_61' title='bbox 929 1062 1026 1126; x_wconf 84' lang='lat' dir='ltr'><strong>ducta</strong></span> <span class='ocrx_word' id='word_1_62' title='bbox 1049 1063 1099 1125; x_wconf 91' lang='lat' dir='ltr'><strong>est</strong></span> 
     </span>
     <span class='ocr_line' id='line_1_10' title="bbox 84 1070 1100 1436; baseline 0.005 -210"><span class='ocrx_word' id='word_1_63' title='bbox 84 1070 554 1436; x_wconf 47' lang='grc' dir='ltr'><strong>Λῗῇις</strong></span> <span class='ocrx_word' id='word_1_64' title='bbox 615 1170 697 1229; x_wconf 88' lang='grc' dir='ltr'><strong>ΝΜ</strong></span> <span class='ocrx_word' id='word_1_65' title='bbox 713 1166 825 1230; x_wconf 83' lang='lat' dir='ltr'><strong>datum</strong></span> <span class='ocrx_word' id='word_1_66' title='bbox 840 1167 985 1232; x_wconf 85' lang='lat' dir='ltr'><strong>efficiens</strong></span> <span class='ocrx_word' id='word_1_67' title='bbox 1000 1188 1100 1253; x_wconf 80' lang='lat' dir='ltr'><strong>angu-</strong></span> 
     </span>
     <span class='ocr_line' id='line_1_11' title="bbox 614 1269 1131 1358; baseline 0.008 -24"><span class='ocrx_word' id='word_1_68' title='bbox 614 1271 683 1335; x_wconf 88' lang='lat' dir='ltr'><strong>lum</strong></span> <span class='ocrx_word' id='word_1_69' title='bbox 699 1277 824 1357; x_wconf 83' lang='lat' dir='ltr'><strong>NMA‚</strong></span> <span class='ocrx_word' id='word_1_70' title='bbox 841 1274 1004 1358; x_wconf 78' lang='lat' dir='ltr'><strong>positione</strong></span> <span class='ocrx_word' id='word_1_71' title='bbox 1024 1275 1100 1338; x_wconf 82' lang='lat' dir='ltr'><strong>data</strong></span> <span class='ocrx_word' id='word_1_72' title='bbox 1126 1269 1131 1279; x_wconf 77' lang='lat'>&#39;</span> 
     </span>
    </p>

    <p class='ocr_par' dir='ltr' id='par_1_5' title="bbox 528 1377 1097 1465">
     <span class='ocr_line' id='line_1_12' title="bbox 528 1377 1097 1465; baseline 0.007 -25"><span class='ocrx_word' id='word_1_73' title='bbox 528 1401 558 1456; x_wconf 72' lang='grc' dir='ltr'><em>Λ</em></span> <span class='ocrx_word' id='word_1_74' title='bbox 616 1377 679 1441; x_wconf 88' lang='lat' dir='ltr'><strong>erit</strong></span> <span class='ocrx_word' id='word_1_75' title='bbox 707 1382 825 1444; x_wconf 87' lang='lat' dir='ltr'><strong>ANM</strong></span> <span class='ocrx_word' id='word_1_76' title='bbox 854 1383 957 1465; x_wconf 86' lang='lat' dir='ltr'><strong>[prop.</strong></span> <span class='ocrx_word' id='word_1_77' title='bbox 982 1379 1097 1462; x_wconf 66' lang='lat' dir='ltr'><strong>XXX}</strong></span> 
     </span>
    </p>
   </div>
   <div class='ocr_carea' id='block_1_4' title="bbox 79 1446 1098 2418">
    <p class='ocr_par' dir='ltr' id='par_1_6' title="bbox 79 1446 1098 2418">
     <span class='ocr_line' id='line_1_13' title="bbox 218 1446 1098 1567; baseline 0.005 -20"><span class='ocrx_word' id='word_1_78' title='bbox 218 1447 240 1497; x_wconf 73' lang='grc' dir='ltr'><strong>Ζ</strong></span> <span class='ocrx_word' id='word_1_79' title='bbox 356 1446 398 1497; x_wconf 76' lang='lat' dir='ltr'><em>M</em></span> <span class='ocrx_word' id='word_1_80' title='bbox 617 1484 671 1547; x_wconf 89' lang='lat' dir='ltr'><strong>sed</strong></span> <span class='ocrx_word' id='word_1_81' title='bbox 707 1485 869 1567; x_wconf 75' lang='lat' dir='ltr'><strong>positione</strong></span> <span class='ocrx_word' id='word_1_82' title='bbox 905 1487 1004 1550; x_wconf 82' lang='lat' dir='ltr'><strong>etium</strong></span> <span class='ocrx_word' id='word_1_83' title='bbox 1037 1489 1098 1550; x_wconf 87' lang='grc' dir='ltr'><strong>ΓΔ</strong></span> 
     </span>
     <span class='ocr_line' id='line_1_14' title="bbox 80 1590 1097 1675; baseline 0.001 -21"><span class='ocrx_word' id='word_1_84' title='bbox 80 1591 158 1654; x_wconf 81' lang='lat' dir='ltr'><strong>data</strong></span> <span class='ocrx_word' id='word_1_85' title='bbox 181 1593 238 1654; x_wconf 91' lang='lat' dir='ltr'><strong>est.</strong></span> <span class='ocrx_word' id='word_1_86' title='bbox 285 1609 364 1674; x_wconf 80' lang='lat' dir='ltr'><strong>orgo</strong></span> <span class='ocrx_word' id='word_1_87' title='bbox 387 1593 544 1672; x_wconf 89' lang='lat' dir='ltr'><strong>punotum</strong></span> <span class='ocrx_word' id='word_1_88' title='bbox 567 1594 612 1653; x_wconf 92' lang='lat' dir='ltr'><em>M</em></span> <span class='ocrx_word' id='word_1_89' title='bbox 634 1590 745 1654; x_wconf 78' lang='lat' dir='ltr'><strong>datum</strong></span> <span class='ocrx_word' id='word_1_90' title='bbox 774 1595 823 1654; x_wconf 86' lang='lat' dir='ltr'><strong>ost</strong></span> <span class='ocrx_word' id='word_1_91' title='bbox 852 1590 955 1674; x_wconf 92' lang='lat' dir='ltr'><strong>[prop.</strong></span> <span class='ocrx_word' id='word_1_92' title='bbox 980 1590 1097 1675; x_wconf 65' lang='lat' dir='ltr'><strong>XXV}</strong></span> 
     </span>
     <span class='ocr_line' id='line_1_15' title="bbox 80 1694 1098 1778; baseline 0 -17"><span class='ocrx_word' id='word_1_93' title='bbox 80 1719 197 1761; x_wconf 89' lang='lat' dir='ltr'><strong>uerum</strong></span> <span class='ocrx_word' id='word_1_94' title='bbox 215 1694 315 1761; x_wconf 81' lang='lat' dir='ltr'><strong>etism</strong></span> <span class='ocrx_word' id='word_1_95' title='bbox 333 1699 372 1759; x_wconf 93' lang='lat' dir='ltr'><strong><em>N</em></strong></span> <span class='ocrx_word' id='word_1_96' title='bbox 390 1696 501 1759; x_wconf 78' lang='lat' dir='ltr'><strong>datum</strong></span> <span class='ocrx_word' id='word_1_97' title='bbox 520 1701 578 1760; x_wconf 89' lang='lat' dir='ltr'><strong>est.</strong></span> <span class='ocrx_word' id='word_1_98' title='bbox 615 1695 724 1778; x_wconf 81' lang='lat' dir='ltr'><strong>itaque</strong></span> <span class='ocrx_word' id='word_1_99' title='bbox 744 1701 833 1760; x_wconf 83' lang='lat' dir='ltr'><strong>reeta</strong></span> <span class='ocrx_word' id='word_1_100' title='bbox 850 1701 889 1761; x_wconf 94' lang='lat' dir='ltr'><strong><em>N</em></strong></span> <span class='ocrx_word' id='word_1_101' title='bbox 890 1701 935 1761; x_wconf 92' lang='lat' dir='ltr'><em>M</em></span> <span class='ocrx_word' id='word_1_102' title='bbox 953 1697 1029 1760; x_wconf 83' lang='lat' dir='ltr'><strong>data</strong></span> <span class='ocrx_word' id='word_1_103' title='bbox 1047 1701 1098 1761; x_wconf 91' lang='lat' dir='ltr'><strong>est</strong></span> 
     </span>
     <span class='ocr_line' id='line_1_16' title="bbox 81 1800 1097 1887; baseline 0.001 -22"><span class='ocrx_word' id='word_1_104' title='bbox 81 1803 188 1887; x_wconf 87' lang='lat' dir='ltr'><strong>[prop.</strong></span> <span class='ocrx_word' id='word_1_105' title='bbox 207 1800 341 1885; x_wconf 64' lang='lat' dir='ltr'><strong>XXVI]</strong></span> <span class='ocrx_word' id='word_1_106' title='bbox 387 1807 420 1866; x_wconf 88' lang='lat' dir='ltr'><strong>et</strong></span> <span class='ocrx_word' id='word_1_107' title='bbox 448 1802 602 1885; x_wconf 82' lang='lat' dir='ltr'><strong>quonium</strong></span> <span class='ocrx_word' id='word_1_108' title='bbox 634 1801 718 1865; x_wconf 79' lang='lat' dir='ltr'><strong>ratio</strong></span> <span class='ocrx_word' id='word_1_109' title='bbox 749 1805 832 1866; x_wconf 87' lang='lat' dir='ltr'><strong>ZE:</strong></span> <span class='ocrx_word' id='word_1_110' title='bbox 847 1805 922 1866; x_wconf 85' lang='grc' dir='ltr'><strong>ΕΗ</strong></span> <span class='ocrx_word' id='word_1_111' title='bbox 944 1802 1019 1865; x_wconf 83' lang='lat' dir='ltr'><strong>data</strong></span> <span class='ocrx_word' id='word_1_112' title='bbox 1047 1809 1097 1867; x_wconf 90' lang='lat' dir='ltr'><strong>est</strong></span> 
     </span>
     <span class='ocr_line' id='line_1_17' title="bbox 80 1906 1098 1992; baseline 0 -19"><span class='ocrx_word' id='word_1_113' title='bbox 80 1915 115 1974; x_wconf 89' lang='lat' dir='ltr'><strong>et</strong></span> <span class='ocrx_word' id='word_1_114' title='bbox 136 1912 300 1973; x_wconf 77' lang='lat' dir='ltr'><em>ZEzEH</em></span> <span class='ocrx_word' id='word_1_115' title='bbox 307 1912 531 1973; x_wconf 75' lang='lat' dir='ltr'><strong><em>=NM1NA</em></strong></span> <span class='ocrx_word' id='word_1_116' title='bbox 551 1906 621 1992; x_wconf 72' lang='lat' dir='ltr'><strong>[VL</strong></span> <span class='ocrx_word' id='word_1_117' title='bbox 636 1907 685 1991; x_wconf 84' lang='lat'><strong>2]‚</strong></span> <span class='ocrx_word' id='word_1_118' title='bbox 708 1907 806 1972; x_wconf 83' lang='lat' dir='ltr'><strong>etiarn</strong></span> <span class='ocrx_word' id='word_1_119' title='bbox 825 1907 909 1972; x_wconf 84' lang='lat' dir='ltr'><strong>ratio</strong></span> <span class='ocrx_word' id='word_1_120' title='bbox 924 1912 1007 1972; x_wconf 92' lang='lat' dir='ltr'><strong>MN</strong></span> <span class='ocrx_word' id='word_1_121' title='bbox 1013 1913 1098 1973; x_wconf 80' lang='lat' dir='ltr'><strong>:NA</strong></span> 
     </span>
     <span class='ocr_line' id='line_1_18' title="bbox 80 2013 1097 2099; baseline 0.002 -21"><span class='ocrx_word' id='word_1_122' title='bbox 80 2016 157 2079; x_wconf 79' lang='lat' dir='ltr'><strong>dats</strong></span> <span class='ocrx_word' id='word_1_123' title='bbox 181 2015 243 2079; x_wconf 89' lang='lat' dir='ltr'><strong>erit</strong></span> <span class='ocrx_word' id='word_1_124' title='bbox 266 2014 341 2098; x_wconf 88' lang='lat' dir='ltr'><strong>[def.</strong></span> <span class='ocrx_word' id='word_1_125' title='bbox 361 2014 406 2098; x_wconf 80' lang='lat'><strong>2].</strong></span> <span class='ocrx_word' id='word_1_126' title='bbox 443 2015 499 2078; x_wconf 89' lang='lat' dir='ltr'><strong>sed</strong></span> <span class='ocrx_word' id='word_1_127' title='bbox 518 2015 593 2078; x_wconf 82' lang='lat' dir='ltr'><strong>dats</strong></span> <span class='ocrx_word' id='word_1_128' title='bbox 611 2019 662 2079; x_wconf 89' lang='lat' dir='ltr'><strong>est</strong></span> <span class='ocrx_word' id='word_1_129' title='bbox 684 2018 770 2079; x_wconf 87' lang='lat' dir='ltr'><strong>NM.</strong></span> <span class='ocrx_word' id='word_1_130' title='bbox 809 2035 886 2099; x_wconf 81' lang='lat' dir='ltr'><strong>ergo</strong></span> <span class='ocrx_word' id='word_1_131' title='bbox 910 2013 1009 2079; x_wconf 83' lang='lat' dir='ltr'><strong>etism</strong></span> <span class='ocrx_word' id='word_1_132' title='bbox 1030 2019 1097 2080; x_wconf 85' lang='lat' dir='ltr'><strong>NA</strong></span> 
     </span>
     <span class='ocr_line' id='line_1_19' title="bbox 79 2118 1096 2204; baseline 0.001 -19"><span class='ocrx_word' id='word_1_133' title='bbox 79 2121 158 2185; x_wconf 82' lang='lat' dir='ltr'><strong>datu</strong></span> <span class='ocrx_word' id='word_1_134' title='bbox 180 2124 230 2186; x_wconf 89' lang='lat' dir='ltr'><strong>est</strong></span> <span class='ocrx_word' id='word_1_135' title='bbox 253 2119 358 2204; x_wconf 88' lang='lat' dir='ltr'><strong>[prop</strong></span> <span class='ocrx_word' id='word_1_136' title='bbox 376 2118 433 2202; x_wconf 83' lang='grc'><strong>11].</strong></span> <span class='ocrx_word' id='word_1_137' title='bbox 479 2141 592 2184; x_wconf 86' lang='lat' dir='ltr'><strong>uerum</strong></span> <span class='ocrx_word' id='word_1_138' title='bbox 620 2119 719 2184; x_wconf 82' lang='lat' dir='ltr'><strong>etium</strong></span> <span class='ocrx_word' id='word_1_139' title='bbox 746 2119 908 2204; x_wconf 75' lang='lat' dir='ltr'><strong>positione</strong></span> <span class='ocrx_word' id='word_1_140' title='bbox 937 2119 1012 2183; x_wconf 79' lang='lat' dir='ltr'><strong>data</strong></span> <span class='ocrx_word' id='word_1_141' title='bbox 1038 2125 1096 2186; x_wconf 88' lang='lat' dir='ltr'><strong>est.</strong></span> 
     </span>
     <span class='ocr_line' id='line_1_20' title="bbox 79 2226 1097 2310; baseline 0 -18"><span class='ocrx_word' id='word_1_142' title='bbox 79 2233 114 2293; x_wconf 90' lang='lat' dir='ltr'><strong>et</strong></span> <span class='ocrx_word' id='word_1_143' title='bbox 138 2227 249 2291; x_wconf 83' lang='lat' dir='ltr'><strong>datum</strong></span> <span class='ocrx_word' id='word_1_144' title='bbox 272 2231 322 2291; x_wconf 88' lang='lat' dir='ltr'><strong>est</strong></span> <span class='ocrx_word' id='word_1_145' title='bbox 344 2231 502 2310; x_wconf 89' lang='lat' dir='ltr'><strong>punotnm</strong></span> <span class='ocrx_word' id='word_1_146' title='bbox 525 2230 568 2290; x_wconf 88' lang='lat' dir='ltr'><strong>N.</strong></span> <span class='ocrx_word' id='word_1_147' title='bbox 604 2226 715 2310; x_wconf 85' lang='lat' dir='ltr'><strong>itaque</strong></span> <span class='ocrx_word' id='word_1_148' title='bbox 735 2226 834 2291; x_wconf 84' lang='lat' dir='ltr'><strong>etiarn</strong></span> <span class='ocrx_word' id='word_1_149' title='bbox 859 2230 889 2290; x_wconf 87' lang='grc' dir='ltr'><em>Λ</em></span> <span class='ocrx_word' id='word_1_150' title='bbox 912 2228 1023 2291; x_wconf 83' lang='lat' dir='ltr'><strong>datum</strong></span> <span class='ocrx_word' id='word_1_151' title='bbox 1047 2232 1097 2292; x_wconf 89' lang='lat' dir='ltr'><strong>est</strong></span> 
     </span>
     <span class='ocr_line' id='line_1_21' title="bbox 79 2329 1097 2418; baseline 0.003 -22"><span class='ocrx_word' id='word_1_152' title='bbox 79 2333 187 2418; x_wconf 88' lang='lat' dir='ltr'><strong>[prop.</strong></span> <span class='ocrx_word' id='word_1_153' title='bbox 206 2331 356 2416; x_wconf 69' lang='lat' dir='ltr'><strong>XXVII}</strong></span> <span class='ocrx_word' id='word_1_154' title='bbox 402 2332 469 2396; x_wconf 80' lang='lat' dir='ltr'><strong>iam</strong></span> <span class='ocrx_word' id='word_1_155' title='bbox 492 2332 646 2415; x_wconf 83' lang='lat' dir='ltr'><strong>quoniam</strong></span> <span class='ocrx_word' id='word_1_156' title='bbox 668 2355 726 2417; x_wconf 88' lang='lat' dir='ltr'><strong>per</strong></span> <span class='ocrx_word' id='word_1_157' title='bbox 749 2329 861 2397; x_wconf 85' lang='lat' dir='ltr'><strong>datum</strong></span> <span class='ocrx_word' id='word_1_158' title='bbox 883 2339 1042 2417; x_wconf 85' lang='lat' dir='ltr'><strong>punctum</strong></span> <span class='ocrx_word' id='word_1_159' title='bbox 1065 2339 1097 2399; x_wconf 87' lang='lat' dir='ltr'><em>A</em></span> 
     </span>
    </p>
   </div>
   <div class='ocr_carea' id='block_1_5' title="bbox 77 2438 1097 2630">
    <p class='ocr_par' dir='ltr' id='par_1_7' title="bbox 77 2438 1097 2630">
     <span class='ocr_line' id='line_1_22' title="bbox 77 2438 1097 2523; baseline 0.001 -20"><span class='ocrx_word' id='word_1_160' title='bbox 77 2443 188 2504; x_wconf 81' lang='lat' dir='ltr'><strong>rectae</strong></span> <span class='ocrx_word' id='word_1_161' title='bbox 210 2438 372 2523; x_wconf 88' lang='lat' dir='ltr'><strong>positione</strong></span> <span class='ocrx_word' id='word_1_162' title='bbox 397 2439 489 2502; x_wconf 79' lang='lat' dir='ltr'><strong>datae</strong></span> <span class='ocrx_word' id='word_1_163' title='bbox 513 2441 579 2502; x_wconf 85' lang='lat' dir='ltr'><strong>AB</strong></span> <span class='ocrx_word' id='word_1_164' title='bbox 604 2438 758 2522; x_wconf 73' lang='lat' dir='ltr'><strong>parallelo</strong></span> <span class='ocrx_word' id='word_1_165' title='bbox 781 2443 869 2503; x_wconf 83' lang='lat' dir='ltr'><strong>recta</strong></span> <span class='ocrx_word' id='word_1_166' title='bbox 891 2439 977 2504; x_wconf 84' lang='lat' dir='ltr'><strong>linea</strong></span> <span class='ocrx_word' id='word_1_167' title='bbox 1000 2441 1097 2506; x_wconf 84' lang='lat' dir='ltr'><strong>duota</strong></span> 
     </span>
     <span class='ocr_line' id='line_1_23' title="bbox 79 2543 1010 2630; baseline 0.002 -21"><span class='ocrx_word' id='word_1_168' title='bbox 79 2549 133 2610; x_wconf 86' lang='lat' dir='ltr'><strong>est</strong></span> <span class='ocrx_word' id='word_1_169' title='bbox 157 2547 234 2628; x_wconf 81' lang='grc' dir='ltr'><strong>ΘΚ,</strong></span> <span class='ocrx_word' id='word_1_170' title='bbox 265 2548 333 2608; x_wconf 84' lang='grc' dir='ltr'><strong>ΘΚ</strong></span> <span class='ocrx_word' id='word_1_171' title='bbox 352 2543 515 2629; x_wconf 85' lang='lat' dir='ltr'><strong>positione</strong></span> <span class='ocrx_word' id='word_1_172' title='bbox 539 2544 614 2607; x_wconf 84' lang='lat' dir='ltr'><strong>data</strong></span> <span class='ocrx_word' id='word_1_173' title='bbox 637 2544 698 2608; x_wconf 87' lang='lat' dir='ltr'><strong>erit</strong></span> <span class='ocrx_word' id='word_1_174' title='bbox 722 2545 826 2629; x_wconf 83' lang='lat' dir='ltr'><strong>[prop.</strong></span> <span class='ocrx_word' id='word_1_175' title='bbox 845 2544 1010 2630; x_wconf 67' lang='lat' dir='ltr'>XXVIIH.</span> 
     </span>
    </p>
   </div>
   <div class='ocr_carea' id='block_1_6' title="bbox 516 2737 665 2803">
    <p class='ocr_par' dir='ltr' id='par_1_8' title="bbox 516 2737 665 2803">
     <span class='ocr_line' id='line_1_24' title="bbox 516 2737 665 2803; baseline 0.013 -2"><span class='ocrx_word' id='word_1_176' title='bbox 516 2737 665 2803; x_wconf 87' lang='lat' dir='ltr'>XXXIX.</span> 
     </span>
    </p>
   </div>
   <div class='ocr_carea' id='block_1_7' title="bbox 76 2861 1095 3159">
    <p class='ocr_par' dir='ltr' id='par_1_9' title="bbox 76 2861 1095 3159">
     <span class='ocr_line' id='line_1_25' title="bbox 150 2861 1095 2948; baseline 0 -21"><span class='ocrx_word' id='word_1_177' title='bbox 150 2861 184 2927; x_wconf 86' lang='lat' dir='ltr'><strong>Si</strong></span> <span class='ocrx_word' id='word_1_178' title='bbox 197 2863 353 2948; x_wconf 71' lang='lat' dir='ltr'><strong>trianguli</strong></span> <span class='ocrx_word' id='word_1_179' title='bbox 367 2863 618 2947; x_wconf 88' lang='lat' dir='ltr'><strong>unumquodque</strong></span> <span class='ocrx_word' id='word_1_180' title='bbox 633 2863 771 2927; x_wconf 80' lang='lat' dir='ltr'><strong>laterum</strong></span> <span class='ocrx_word' id='word_1_181' title='bbox 786 2863 896 2927; x_wconf 84' lang='lat' dir='ltr'><strong>datum</strong></span> <span class='ocrx_word' id='word_1_182' title='bbox 907 2867 956 2927; x_wconf 87' lang='lat' dir='ltr'><strong>est</strong></span> <span class='ocrx_word' id='word_1_183' title='bbox 969 2865 1095 2948; x_wconf 83' lang='lat' dir='ltr'><strong>magni·</strong></span> 
     </span>
     <span class='ocr_line' id='line_1_26' title="bbox 76 2967 743 3054; baseline -0.003 -21"><span class='ocrx_word' id='word_1_184' title='bbox 76 2969 205 3052; x_wconf 85' lang='lat' dir='ltr'><strong>tudine,</strong></span> <span class='ocrx_word' id='word_1_185' title='bbox 229 2969 412 3054; x_wconf 82' lang='lat' dir='ltr'><strong>triangulus</strong></span> <span class='ocrx_word' id='word_1_186' title='bbox 437 2969 532 3032; x_wconf 82' lang='lat' dir='ltr'><strong>datus</strong></span> <span class='ocrx_word' id='word_1_187' title='bbox 555 2973 605 3033; x_wconf 90' lang='lat' dir='ltr'><strong>est</strong></span> <span class='ocrx_word' id='word_1_188' title='bbox 629 2967 743 3053; x_wconf 84' lang='lat' dir='ltr'><strong>specie.</strong></span> 
     </span>
     <span class='ocr_line' id='line_1_27' title="bbox 146 3073 1095 3159; baseline -0.001 -21"><span class='ocrx_word' id='word_1_189' title='bbox 146 3095 223 3138; x_wconf 86' lang='lat' dir='ltr'><strong>nam</strong></span> <span class='ocrx_word' id='word_1_190' title='bbox 240 3074 397 3159; x_wconf 82' lang='lat' dir='ltr'><strong>trianguli</strong></span> <span class='ocrx_word' id='word_1_191' title='bbox 415 3078 521 3139; x_wconf 87' lang='grc' dir='ltr'><strong>ΑΒΓ</strong></span> <span class='ocrx_word' id='word_1_192' title='bbox 544 3073 796 3156; x_wconf 90' lang='lat' dir='ltr'><strong>unumquodque</strong></span> <span class='ocrx_word' id='word_1_193' title='bbox 820 3073 959 3138; x_wconf 83' lang='lat' dir='ltr'><strong>luterum</strong></span> <span class='ocrx_word' id='word_1_194' title='bbox 983 3074 1095 3137; x_wconf 83' lang='lat' dir='ltr'><strong>datum</strong></span> 
     </span>
    </p>
   </div>
   <div class='ocr_carea' id='block_1_8' title="bbox 75 3179 1093 3265">
    <p class='ocr_par' dir='ltr' id='par_1_10' title="bbox 75 3179 1093 3265">
     <span class='ocr_line' id='line_1_28' title="bbox 75 3179 1093 3265; baseline -0.003 -19"><span class='ocrx_word' id='word_1_195' title='bbox 75 3181 125 3247; x_wconf 91' lang='lat' dir='ltr'><strong>sit</strong></span> <span class='ocrx_word' id='word_1_196' title='bbox 145 3180 373 3265; x_wconf 77' lang='lat' dir='ltr'><strong>magnitudine.</strong></span> <span class='ocrx_word' id='word_1_197' title='bbox 421 3180 502 3264; x_wconf 84' lang='lat' dir='ltr'><strong>dico,</strong></span> <span class='ocrx_word' id='word_1_198' title='bbox 525 3180 727 3265; x_wconf 81' lang='lat' dir='ltr'><strong>triangulum</strong></span> <span class='ocrx_word' id='word_1_199' title='bbox 750 3179 862 3242; x_wconf 86' lang='lat' dir='ltr'><strong>datum</strong></span> <span class='ocrx_word' id='word_1_200' title='bbox 885 3200 955 3243; x_wconf 89' lang='lat' dir='ltr'><strong>esse</strong></span> <span class='ocrx_word' id='word_1_201' title='bbox 979 3179 1093 3263; x_wconf 82' lang='lat' dir='ltr'><strong>speeie.</strong></span> 
     </span>
    </p>
   </div>
   <div class='ocr_carea' id='block_1_9' title="bbox 72 3371 1093 3584">
    <p class='ocr_par' dir='ltr' id='par_1_11' title="bbox 72 3371 1093 3584">
     <span class='ocr_line' id='line_1_29' title="bbox 115 3371 1093 3442; baseline 0.001 -18"><span class='ocrx_word' id='word_1_202' title='bbox 115 3376 158 3425; x_wconf 87' lang='lat'><strong>14.</strong></span> <span class='ocrx_word' id='word_1_203' title='bbox 180 3372 334 3442; x_wconf 65' lang='lat' dir='ltr'><strong>romnis</strong></span> <span class='ocrx_word' id='word_1_204' title='bbox 349 3371 446 3426; x_wconf 76' lang='lat' dir='ltr'><strong>vaus.</strong></span> <span class='ocrx_word' id='word_1_205' title='bbox 508 3377 548 3425; x_wconf 73' lang='grc' dir='ltr'><strong>ιτ).</strong></span> <span class='ocrx_word' id='word_1_206' title='bbox 573 3372 656 3442; x_wconf 85' lang='lat' dir='ltr'><strong>MN]</strong></span> <span class='ocrx_word' id='word_1_207' title='bbox 677 3372 790 3425; x_wconf 84' lang='grc' dir='ltr'><strong><em>ΝΜΡ.</em></strong></span> <span class='ocrx_word' id='word_1_208' title='bbox 842 3371 1093 3442; x_wconf 61' lang='lat' dir='ltr'><strong>renuunt.</strong></span> 
     </span>
     <span class='ocr_line' id='line_1_30' title="bbox 115 3439 1092 3514; baseline 0 -18"><span class='ocrx_word' id='word_1_209' title='bbox 115 3449 157 3496; x_wconf 79' lang='lat'><strong>17.</strong></span> <span class='ocrx_word' id='word_1_210' title='bbox 178 3439 289 3496; x_wconf 78' lang='grc' dir='ltr'><strong><em>ἐπεί-</em></strong></span> <span class='ocrx_word' id='word_1_211' title='bbox 311 3447 352 3496; x_wconf 84' lang='lat'><strong>18.</strong></span> <span class='ocrx_word' id='word_1_212' title='bbox 372 3444 408 3514; x_wconf 90' lang='grc' dir='ltr'><strong>Λ]</strong></span> <span class='ocrx_word' id='word_1_213' title='bbox 428 3459 481 3496; x_wconf 91' lang='lat' dir='ltr'><strong>om.</strong></span> <span class='ocrx_word' id='word_1_214' title='bbox 496 3442 523 3495; x_wconf 90' lang='lat' dir='ltr'><strong>b.</strong></span> <span class='ocrx_word' id='word_1_215' title='bbox 605 3448 647 3496; x_wconf 80' lang='lat'><strong>21.</strong></span> <span class='ocrx_word' id='word_1_216' title='bbox 667 3442 730 3514; x_wconf 78' lang='lat' dir='ltr'><strong>rs‘]</strong></span> <span class='ocrx_word' id='word_1_217' title='bbox 750 3443 780 3512; x_wconf 85' lang='grc' dir='ltr'><strong>μ’</strong></span> <span class='ocrx_word' id='word_1_218' title='bbox 800 3442 827 3496; x_wconf 90' lang='lat' dir='ltr'><strong>b.</strong></span> <span class='ocrx_word' id='word_1_219' title='bbox 919 3447 960 3496; x_wconf 81' lang='lat'><strong>23.</strong></span> <span class='ocrx_word' id='word_1_220' title='bbox 980 3441 1024 3514; x_wconf 83' lang='grc' dir='ltr'><strong>τό]</strong></span> <span class='ocrx_word' id='word_1_221' title='bbox 1043 3443 1092 3498; x_wconf 79' lang='grc' dir='ltr'><strong>καὶ</strong></span> 
     </span>
     <span class='ocr_line' id='line_1_31' title="bbox 72 3511 718 3584; baseline -0.003 -16"><span class='ocrx_word' id='word_1_222' title='bbox 72 3514 107 3568; x_wconf 86' lang='grc' dir='ltr'><strong>τό</strong></span> <span class='ocrx_word' id='word_1_223' title='bbox 128 3531 154 3566; x_wconf 81' lang='lat' dir='ltr'><strong>v,</strong></span> <span class='ocrx_word' id='word_1_224' title='bbox 228 3519 270 3567; x_wconf 79' lang='lat'><strong>26.</strong></span> <span class='ocrx_word' id='word_1_225' title='bbox 291 3511 371 3584; x_wconf 73' lang='grc' dir='ltr'><strong><em>εἴδει]</em></strong></span> <span class='ocrx_word' id='word_1_226' title='bbox 391 3529 458 3567; x_wconf 86' lang='lat' dir='ltr'><strong>corr.</strong></span> <span class='ocrx_word' id='word_1_227' title='bbox 479 3530 512 3566; x_wconf 84' lang='lat' dir='ltr'><strong>ex</strong></span> <span class='ocrx_word' id='word_1_228' title='bbox 532 3512 592 3582; x_wconf 76' lang='grc' dir='ltr'><strong>εἴδη</strong></span> <span class='ocrx_word' id='word_1_229' title='bbox 611 3531 647 3566; x_wconf 91' lang='lat' dir='ltr'><strong>m.</strong></span> <span class='ocrx_word' id='word_1_230' title='bbox 663 3519 679 3566; x_wconf 75' lang='lat'><strong>2</strong></span> <span class='ocrx_word' id='word_1_231' title='bbox 693 3531 718 3567; x_wconf 86' lang='lat' dir='ltr'><strong>v.</strong></span> 
     </span>
    </p>
   </div>
   <div class='ocr_carea' id='block_1_10' title="bbox 902 3603 938 3656">
    <p class='ocr_par' dir='ltr' id='par_1_12' title="bbox 902 3603 938 3656">
     <span class='ocr_line' id='line_1_32' title="bbox 902 3603 938 3656; baseline 0 -25"><span class='ocrx_word' id='word_1_232' title='bbox 902 3603 938 3656; x_wconf 49' lang='lat' dir='ltr'><strong>b*</strong></span> 
     </span>
    </p>
   </div>
   <div class='ocr_carea' id='block_1_11' title="bbox 0 0 1204 3840">
    <p class='ocr_par' dir='ltr' id='par_1_13' title="bbox 0 0 1204 3840">
     <span class='ocr_line' id='line_1_33' title="bbox 0 0 1204 3840; baseline 0 1"><span class='ocrx_word' id='word_1_233' title='bbox 0 0 1204 3840; x_wconf 95' lang='lat' dir='ltr'><strong> </strong></span> 
     </span>
    </p>
   </div>
  </div>
 </body>
</html>
