2400 3840
582 839 702 934 Ὀροι.

204 1018 248 1082 α’.
275 1015 480 1101 Δεδομένα
503 1024 552 1103 τῷ
577 1012 736 1099 μεγέθει
759 1011 887 1096 λέγεται
909 1014 1014 1098 χωρία
1037 1035 1072 1077 τε
1094 1010 1152 1077 καί

136 1121 284 1210 γραμμαὶ
306 1120 362 1188 καὶ
383 1124 513 1205 γωνίαι,
537 1113 587 1198 οἷς
610 1119 784 1204 δυνάμεθα
808 1125 863 1183 ίσα
885 1122 1101 1203 πορίσασθαι.

203 1230 248 1313 β’.
281 1233 390 1312 Λόγος
421 1229 614 1293 δεδόσθαι
647 1223 787 1312 λέγεται,
824 1218 851 1313 ᾧ
883 1225 1059 1310 δυνάμεθα
1091 1227 1154 1291 τὸν

98 1338 238 1402 εαύτὸν
259 1340 472 1421 πορίσασθαι.

204 1442 246 1528 γ’.
283 1442 517 1526 Εὐθύγραμμα
553 1442 700 1525 σχήματα
735 1448 785 1526 τῷ
822 1440 920 1504 είδει
957 1440 1153 1505 δεδόσθαι

136 1550 275 1634 λέγεται,
298 1543 346 1614 ὧν
369 1548 407 1612 αἵ
426 1571 461 1613 τε
483 1549 602 1632 γωνίαι
621 1543 795 1631 δεδομέναι
814 1543 878 1616 εἰσὶ
895 1547 978 1611 κατὰ
995 1550 1078 1631 μίαν
1094 1544 1152 1612 καί

137 1659 173 1722 οί
193 1659 287 1739 λόγοι
309 1666 377 1721 τῶν
398 1659 553 1739 πλευρῶν
574 1654 657 1738 πρὸς
680 1652 823 1736 ἀλλήλας
846 1650 1028 1738 δεδομένοι.

204 1762 246 1828 δ’.
284 1766 334 1848 Τή
362 1760 472 1827 θέσει
500 1761 693 1825 δεδόσθαι
720 1756 872 1841 λέγονται
895 1760 1013 1844 σημεῖα
1035 1784 1071 1825 τε
1094 1757 1153 1835 καὶ

83 1883 118 1931 10
135 1868 282 1956 γραμμαὶ
305 1867 360 1934 καὶ
382 1872 516 1952 γωνίαι,
540 1867 560 1932 δ
583 1868 642 1932 τὸν
665 1866 767 1931 αὐτὸν
790 1863 841 1930 ἀεὶ
862 1868 965 1931 τόπον
988 1865 1104 1951 ἐπέχει.

202 1976 241 2042 ε’.
278 1977 410 2053 Κύκλος
441 1984 490 2062 τῷ
522 1972 681 2058 μεγέθει
714 1974 905 2038 δεδόσθαι
932 1970 1075 2058 λέγεται,
1108 1969 1152 2039 οὗ

137 2083 269 2149 δέδοται
293 2083 313 2166 ή
337 2081 372 2146 ἐκ
395 2090 454 2147 τοῦ
477 2078 617 2165 κέντρου
639 2089 687 2171 τῷ1
707 2079 850 2164 μεγέθει.

204 2188 245 2259 ς’.
283 2193 333 2274 Τῇ
356 2186 467 2253 θέσει
494 2183 531 2251 δὲ
558 2184 693 2274 καὶτῷ
716 2185 874 2271 μεγέθει
897 2188 1018 2264 κύκλος
1041 2188 1152 2252 δεδό·

135 2301 231 2360 σθαι
255 2293 400 2379 λέγεται,
433 2289 473 2359 οὗ
501 2291 633 2358 δέδοται
660 2294 697 2358 τὸ
724 2289 785 2378 μὲν
811 2291 949 2379 κέντρον
976 2302 1016 2379 τή
1043 2293 1151 2378 θέσει,

82 2414 117 2493 1ο
137 2401 158 2483 ή
182 2397 218 2464 δὲ
242 2399 277 2464 ἐκ
300 2408 360 2465 τοῦ
382 2397 521 2484 κέντρον
544 2408 590 2489 τῷ
612 2397 754 2484 μεγέθει.

204 2503 438 2590 ζῖΤμήματα
461 2466 592 2570 κύκλων
620 2514 669 2593 τῷ
697 2503 856 2590 μεγέθει
884 2507 1075 2573 δεδόσθαι
1099 2505 1151 2573 λέ

136 2635 242 2696 γεται,
270 2611 306 2676 έν
334 2603 384 2688 οἷς
410 2611 448 2680 αί,
472 2614 590 2694 γωνίαι
614 2608 842 2696 δεδομέναιί
810 2609 874 2677 εἰσὶ
901 2610 1017 2677 καὶί
979 2637 1000 2677 α
1002 2613 1153 2696 ίβοίσεις

136 2729 204 2785 τῶν
202 2718 402 2908 ητμήματων
425 2727 470 2806 τῷ
493 2716 635 2802 μεγέθει.

283 2828 333 2911 Τῇ
283 2822 471 2890 Τθέσει
500 2821 536 2889 δὲ
563 2823 627 2889 καὶ
654 2849 703 2913 τω
731 2823 891 2910 μεγέθει
917 2827 1068 2911 τμήματα
1091 2828 1152 2893 δε·

80 2943 116 2993 20
135 2933 156 2997 δ
162 2935 281 2998 όσθαι
299 2929 437 3016 λέγεται,
461 2930 496 2996 ἐν
515 2922 621 3007 οἷς“
584 2956 617 2996 αι
637 2955 670 2996 τε
689 2935 807 3014 γωνίαι
826 2929 1050 3017 δεδομέναιί
1019 2931 1083 2998 εἰσὶ
1103 2942 1151 3021 τῷ

210 3109 438 3162 ΕΤΚΛΕΙΔΟΤ
453 3109 670 3162 ΔΕΛΟΜΕΝΑ
688 3106 711 3159 Ρ
730 3108 759 3161 et
777 3109 829 3161 atr.
844 3106 928 3160 rubro
943 3106 1021 3174 Vat.;
1046 3105 1154 3163 εὐκλεί-

137 3178 190 3232 δον
210 3178 277 3231 δεδο
279 3172 350 3246 μένα
369 3195 386 3232 v
405 3181 435 3232 et
453 3194 509 3233 acc
530 3194 583 3233 om.
603 3179 634 3249 β;
653 3177 796 3233 εόκλείδοο
815 3175 987 3246 δεδομένατ
972 3186 1021 3248 τῆς
1039 3177 1100 3233 θέω
1078 3198 1154 3241 ωνος

136 3245 273 3311 ἐκδόσεως
279 3197 324 3305 μὴ
421 3255 444 3305 1.
469 3247 542 3322 ὅροι]
566 3251 618 3304 atr.
642 3249 726 3303 rubro
748 3267 785 3304 m.
808 3266 862 3304 rec.
886 3249 964 3319 Vah,
994 3265 1049 3304 om.
1072 3250 1147 3321 Ρτβ.

135 3335 266 3375 numeros
285 3337 339 3377 om.
360 3320 440 3376 codd
530 3326 555 3375 4
577 3319 659 3390 λόγος
676 3317 751 3391 δὲβ.
844 3293 964 3375 [εἰσίν
975 3320 1034 3390 Pv,
1059 3337 1147 3412 comp

132 3389 199 3446 vat.
278 3396 302 3448 8.
321 3392 452 3464 ἀλλήλας]
472 3341 630 3462 Gregorius,
649 3412 712 3455 -οος
731 3391 811 3446 codd.
884 3364 1034 3460 δεδομένοι
1052 3390 1152 3464 εἰοίβ.
