2400 3840
122 163 164 226 10
524 162 727 214 AEAOMENA.

117 310 187 372 ΒΓ
210 313 313 395 λοιπςό
341 316 386 394 τῷ
410 310 472 370 ΕΖ
501 304 591 371 ἐστιν
619 310 707 369 ίσον·
739 301 871 369 δέδοται
899 304 964 388 ἄρα
991 325 1029 368 το
1054 305 1137 368 ΒΓ·

118 419 195 478 ίσον
218 415 282 501 γδιρ
305 413 394 501 αὐτῷ
417 414 612 498 πεπόρισται
634 412 671 476 τὸ
695 414 768 475 ΕΖ.

608 629 646 670 ε.

184 729 260 796 Ἐδιν
278 714 419 816 μέγεθος
437 733 520 817 πρὸς
539 728 658 795 ἑαυτοῦ
677 752 708 794 τι
726 727 825 814 μέρος
843 731 945 811 λόγον
963 731 1021 813 έχη
1041 729 1138 793 δεδο-

81 849 100 898 5
119 836 231 921 μένον,
254 835 309 902 καὶ
331 840 415 923 πρὸς
437 839 474 903 τὸ
498 838 615 902 λοιπὸν
638 838 740 918 λόγον
762 833 825 913 ἕξει
848 834 1040 920 δεδομένον.

186 942 328 1028 μέγεθος
351 945 414 1030 γὰρ
438 945 475 1009 τὸ
494 948 560 1009 AB
583 944 666 1030 πρὸς
688 940 808 1007 ἑαυτοῦ
832 965 863 1007 τι
886 941 987 1028 μέρος
1009 944 1048 1008 τὸ
1067 945 1141 1008 AF

120 1052 221 1133 λόγον
245 1049 342 1134 ἐχέτω
367 1049 560 1136 δεδομένον
583 1048 678 1134 λέγω,
701 1050 752 1114 ὅτι
774 1048 829 1114 καὶ
853 1054 936 1135 πρὸς
957 1050 996 1115 τὸ
1015 1050 1137 1115 λοιπὸν

120 1158 156 1220 τὸ
181 1159 249 1221 ΒΓ
266 1159 368 1238 λόγον
391 1160 455 1242 ἔχει
479 1154 669 1241 δεδομένον.

186 1265 311 1327 κείσθω
339 1264 403 1349 γὰρ
431 1262 611 1348 δεδομένον
638 1261 779 1346 μέγεθος
801 1264 838 1327 τὸ
861 1266 937 1327 ΔΖ.
983 1260 1040 1327 καί
1064 1261 1137 1328 έπελ

66 1380 101 1429 10
121 1370 219 1450 λόγος
247 1367 316 1434 ἐστὶ
344 1367 459 1446 δοθεὶς
485 1369 503 1435 6
531 1378 590 1434 τοῦ
614 1373 680 1434 BA
707 1370 790 1454 πρὸς
817 1371 854 1434 τὸ
878 1372 953 1453 AF,
986 1368 1136 1446 διαότὸς

120 1474 209 1562 αὐτῷ
240 1479 435 1561 πεπορίσθαι
467 1474 486 1539 6
518 1483 578 1538 τοῦ
608 1480 672 1540 ΖΛ
704 1476 787 1560 πρὸς
813 1479 889 1539 ΛΕ.
938 1476 1037 1557 λόγος
1069 1477 1136 1563 ἄρα

120 1579 211 1647 ἐστὶν
233 1581 252 1646 6
274 1591 334 1646 τοῦ
359 1587 424 1647 ΖΛ
447 1582 530 1665 πρὸς
551 1587 622 1646 ΔΕ
642 1583 765 1658 δοθείς.
808 1578 912 1646 δοθὲν
935 1577 972 1645 δέ
994 1583 1032 1646 τὸ
1058 1586 1134 1647 ΖΔ.

120 1685 224 1753 δοθέν
247 1690 312 1774 όίρα
334 1687 449 1754 καὶτὸ
472 1693 553 1754 ΛΕ·
576 1687 632 1753 καὶ
655 1681 772 1754 λοιπὸν
795 1689 859 1772 όρα
882 1689 918 1752 τὸ
941 1691 1006 1751 ΕΖ
1029 1688 1139 1754 δοθέν

120 1793 219 1860 ἐστιν.
257 1798 326 1861 ἔστι
350 1792 387 1860 δὲ
408 1794 464 1861 καὶ
487 1797 524 1861 τὸ
547 1800 615 1860 ΛΖ
639 1792 756 1860 δοθέν·
780 1796 878 1876 λόγος
900 1795 965 1879 όίρα
988 1803 1048 1859 τοῦ
1066 1799 1138 1860 ΔΖ

65 1913 100 1962 15
120 1904 202 1987 πρὸς
225 1903 262 1968 τὸ
288 1906 352 1967 ΖΕ
378 1904 500 1980 δοθείς.
545 1900 601 1967 καὶ
625 1901 696 1967 ἐπεί
716 1899 806 1966 ἐστιν
829 1900 874 1977 ὡς
896 1901 933 1965 τὸ
956 1905 1024 1965 ΔΖ
1051 1903 1139 1988 πρὸς

119 2013 203 2093 ΛΕ,
230 2009 337 2086 οὕτως
358 2007 414 2074 καὶ
438 2010 474 2075 τὸ
498 2013 564 2074 AB
589 2009 673 2093 πρὸς
695 2010 770 2091 AF,
799 2004 1042 2092 ἀναστρέψαντι
1070 2009 1137 2095 όίρα

121 2112 211 2179 ἐστὶν
239 2115 284 2191 ὡς
311 2118 347 2180 τὸ
370 2119 438 2180 ΔΖ
469 2115 553 2199 πρὸς
579 2116 617 2179 τὸ
646 2099 722 2197 ΖΕ,
754 2113 861 2190 οὕτως
887 2113 925 2178 τὸ
953 2117 1019 2179 ΑΒ
1052 2116 1138 2201 πρὸς

120 2222 157 2284 τὸ
181 2224 252 2286 ΒΓ.
298 2224 396 2305 λόγος
419 2218 455 2286 δὲ
478 2229 538 2285 τοῦ
561 2223 628 2284 ΛΖ
655 2221 739 2303 πρὸς
762 2225 827 2285 ΖΕ
850 2221 979 2302 δοθείς,
1011 2220 1058 2297 ὡς
1080 2220 1136 2287 δέ·

121 2328 259 2391 διαιταν
283 2329 381 2408 λόγος
403 2328 468 2411 όίρα
489 2323 545 2390 καὶ
568 2334 628 2390 τοῦ
646 2330 712 2391 AB
735 2328 818 2411 πρὸς
841 2328 878 2392 τὸ
897 2330 965 2392 ΒΓ
982 2328 1110 2406 δοθείς.

63 2549 101 2598 20
607 2537 648 2608 ς’.

186 2662 262 2728 Ἐδιν
281 2664 342 2727 δύο
361 2661 485 2746 μεγέθη
501 2669 647 2748 συντεθῇ
664 2665 747 2749 πρὸς
762 2665 886 2747 όίλληλα
899 2667 1001 2748 λόγον
1015 2668 1136 2749 ἔχοντα

120 2767 314 2853 δεδομένον,
347 2767 402 2833 καὶ
429 2769 466 2834 τὸ
482 2753 573 2833 Ιόλον
600 2770 684 2856 πρὸς
710 2767 864 2855 ἑκοίτερον
892 2771 1003 2836 αὐτῶν
1030 2776 1136 2855 λόγον

117 2876 182 2957 ἔξει
206 2873 392 2960 δεδομένον.

188 2985 377 3066 συγκείσθω
402 2983 465 3067 γὰρ
489 2983 551 3047 δύο
574 2980 697 3067 μεγέθη
721 2983 761 3046 τὰ
779 2985 854 3066 AF,
874 2986 946 3067 FB,
969 2985 1053 3070 πρὸς
1076 2987 1136 3051 όλ-

191 3235 214 3282 1.
235 3222 296 3282 ἶσον
314 3227 367 3282 Ρτ.
445 3234 469 3282 2.
489 3229 576 3301 αὐτῷ]
597 3245 665 3283 corr.
686 3244 720 3282 ex
738 3228 807 3283 αότό
825 3247 861 3284 m
881 3235 942 3284 2v
1018 3235 1041 3285 7
1061 3231 1134 3299 πρός

118 3304 187 3352 -8
206 3295 360 3366 δεδομένον
392 3298 474 3354 δτοῦ
494 3305 543 3354 AB
562 3299 632 3369 πρὸς
651 3303 706 3353 BF
720 3298 800 3368 λόγος
819 3299 875 3353 έστλ
894 3297 1037 3362 δοθείςω,
1105 3306 1132 3357 9.

117 3366 232 3423 έπεί-
249 3375 290 3424 11.
310 3373 366 3425 ΔΕ
396 3389 479 3440 τετμη
462 3368 838 3497 ήσθωὸμοίωςῖγλΒκα
820 3369 923 3426 ατδιτδ
943 3375 1013 3428 Ea.
1088 3378 1132 3428 10.

117 3438 193 3495 ἐστίν
206 3440 259 3494 Pv.
322 3447 364 3495 11.
383 3441 652 3511 Ροεδπεπορίσθω
643 3459 674 3495 1n
714 3443 745 3494 at
768 3445 839 3512 spat
855 3458 915 3498 vac.
931 3441 1018 3498 9litt
1075 3443 1133 3513 ἄρα

117 3509 204 3583 ἐστίν]
230 3527 327 3567 omma
420 3519 460 3568 12.
484 3514 636 3568 νὸΛΕα.
728 3517 770 3566 14.
795 3513 850 3567 ἐστι
870 3530 894 3568 a.
986 3517 1131 3588 AZ(pr.)]
