2400 3840
140 129 206 194 222
555 129 745 181 ΑΡΡΕΝοιΧ.

205 269 274 338 ἐπεὶ
298 273 361 359 γὰρ
384 273 422 337 τὸ
444 271 508 337 ἀπὸ
526 279 585 356 τῆς
603 276 669 336 ΑΒ
691 279 753 336 τοῦ
772 270 835 335 ἀπὸ
855 278 914 354 τῆς
931 274 1001 336 ΒΓ
1020 271 1155 337 δοθέντι

138 382 249 464 μεῖζόν
268 378 369 462 ἐστιν,
388 378 577 464 ἀφῃρήσθω
596 379 633 442 τὸ
653 373 758 443 δοθὲν
776 378 814 442 τὸ
830 377 896 441 ὑπὸ
911 388 979 442 τῶν
993 383 1027 442 A
1032 382 1073 462 B,
1083 382 1144 443 BA
1150 399 1155 411 ·

138 487 255 550 λοιιιὸν
283 487 347 571 ἄρα
375 486 413 550 τὸ
439 484 505 549 ὑπὸ
533 495 600 548 τῶν
622 487 700 567 BA,
720 489 785 547 AA
817 488 892 547 ἴσον
920 481 990 548 ἐστὶ
1018 493 1065 571 τῷ
1095 484 1155 549 ἀπὸ

137 600 195 675 τῆς
217 595 289 655 ΒΓ.
335 589 391 656 καὶ
419 588 489 655 ἐπεὶ
516 588 621 654 δοθέν
644 589 713 654 ἐστι
741 590 778 653 τὸ
800 589 867 653 ὑπὸ
890 599 959 653 τῶν
981 593 1065 673 AB,
1086 594 1155 674 ΒΓ,

102 700 207 763 σέστι
235 694 272 762 δὲ
299 695 355 761 καὶ
382 698 419 761 τὸ
446 696 513 761 ὑπὸ
536 706 604 761 τῶν
627 700 709 779 AB,
727 699 790 759 BA
818 692 938 779 δοθέν,
970 698 1071 779 λόγος
1095 699 1156 782 ἄρα

13 888 15 893 Ι
136 813 196 869 τοῦ
223 803 289 868 ὑπὸ
318 813 385 867 τῶν
412 807 494 886 AB,
518 806 580 866 BA
611 803 695 887 πρὸς
726 803 763 865 τὸ
796 801 861 866 ὑπὸ
890 811 958 866 τῶν
985 807 1070 886 AB,
1095 806 1161 867 ΒΓ

137 911 261 986 ὃοόείς.
306 912 366 973 καί
386 908 487 993 έστιν,
511 909 556 985 ὡς
578 909 615 972 τὸ
640 907 706 972 ὑπὸ
729 918 797 972 τῶν
820 911 902 991 AB,
921 911 985 971 BA
1011 910 1098 993 πρὸς
1120 910 1155 974 τὸ

135 1016 201 1081 ὑπὸ
225 1025 292 1111 τῶν
315 1018 393 1099 AB,
411 1018 484 1098 BP,
507 1014 614 1090 οὕτως
636 1014 656 1097 ἡ
675 1017 743 1077 AB
765 1014 849 1099 πρὸς
867 1017 947 1078 ΒΓ·
971 1016 1072 1096 λόγος
1093 1017 1155 1100 ἄρα

135 1119 192 1186 καὶ
214 1131 272 1205 τῆς
291 1125 358 1185 AB
380 1122 464 1206 πρὸς
482 1123 550 1184 ΒΓ
568 1120 695 1196 όοθείς·
719 1122 818 1201 λόγος
840 1120 905 1205 ἄρα
927 1117 1067 1184 καὶτοῦ
1093 1120 1155 1185 ἀπὸ

83 1236 116 1285 10
134 1236 193 1310 τῆς
219 1231 287 1291 AB
318 1227 402 1311 πρὸς
433 1227 471 1289 τὸ
499 1225 563 1289 ιἰιτὸ
591 1234 649 1308 τῆς
675 1228 744 1289 ΒΓ
770 1226 895 1302 όοθείς.
950 1235 996 1313 τῷ
1025 1223 1063 1290 δὲ
1092 1227 1155 1292 ἀπὸ

135 1339 193 1415 τῆς
212 1336 273 1397 ΓΒ
297 1337 372 1397 ἴσον
394 1333 432 1396 τὸ
450 1331 516 1396 ὑπὸ
535 1341 602 1396 τῶν
623 1335 696 1415 BA,
715 1337 793 1395 AA·
818 1335 918 1414 λόγος
935 1330 1076 1418 όλραικαλ
1095 1342 1155 1398 τοῦ

136 1438 203 1503 ὑπὸ
226 1449 294 1504 τῶν
316 1443 394 1523 BA,
413 1444 480 1502 AA
507 1439 592 1524 πρὸς
617 1439 655 1503 τὸ
678 1437 742 1503 ἀπὸ
766 1447 824 1523 τῆς
846 1442 914 1502 AB
938 1439 1065 1514 όοθείς·
1100 1436 1155 1503 καλ

135 1552 196 1609 τοῦ
219 1545 369 1631 τετράκις
391 1547 456 1630 ἄρα
477 1545 544 1611 ὑπὸ
567 1554 635 1610 τῶν
652 1549 724 1628 BA,
739 1550 805 1608 ΑΛ
827 1545 908 1628 μετὰ
930 1553 992 1609 τοῦ
1013 1543 1079 1609 ἀπὸ
1098 1553 1156 1629 τῆς

134 1656 203 1716 AB
235 1653 319 1739 πρὸς
350 1653 388 1717 τὸ
416 1651 480 1716 ἀπὸ
508 1659 567 1735 τῆς
593 1655 657 1715 BA
689 1653 788 1733 λόγος
820 1651 944 1727 ὃοθείς.
1000 1648 1086 1715 ἀλλὰ
1119 1652 1156 1716 τὸ

81 1767 114 1816 15
133 1757 283 1843 τετράκις
313 1758 379 1822 ὑπὸ
411 1768 479 1823 τῶν
510 1760 587 1840 BA,
611 1762 677 1820 AA
708 1757 789 1840 μετὰ
821 1765 882 1821 τοῦ
915 1757 980 1822 όιιιὸ
1005 1765 1065 1840 τῆς
1092 1761 1156 1821 BA

133 1864 170 1927 τὸ
195 1863 259 1928 ἀπὸ
282 1861 538 1949 συναμφοτέρου
561 1871 619 1947 τῆς
641 1867 718 1947 BA,
736 1869 804 1928 AA
827 1863 930 1928 ἐστιν·
964 1865 1063 1946 λόγος
1089 1865 1155 1948 ἄρα

132 1966 188 2033 καὶ
211 1978 271 2034 τοῦ
294 1969 358 2035 ἀπὸ
382 1967 638 2054 συναμφοτέρου
661 1978 719 2052 τῆς
739 1973 811 2053 BA,
830 1974 897 2033 AA
919 1969 1003 2055 πρὸς
1026 1971 1064 2034 τὸ
1088 1969 1154 2034 ἀπὸ

132 2084 190 2159 τῆς
222 2080 288 2140 AB
321 2076 449 2153 ὃοθείς·
486 2078 585 2159 λόγος
617 2076 682 2162 ἄρα
713 2072 770 2139 καὶ
802 2072 1060 2161 συναμφοτέρου
1093 2084 1153 2159 τῆς

131 2185 204 2265 BA,
218 2188 285 2246 AA
303 2184 387 2270 πρὸς
405 2186 471 2247 AB
490 2183 615 2259 (λυθείς.
642 2178 698 2246 καὶ
712 2179 874 2247 συνθέντι
893 2180 1153 2268 συναμφοτέρου

79 2297 113 2346 20
132 2296 190 2371 τῆς
216 2291 293 2371 BA,
315 2293 382 2353 AA
413 2289 494 2372 μετὰ
520 2297 579 2371 τῆς
604 2293 687 2373 AB,
720 2286 870 2353 τουτέστι
897 2288 961 2352 δύο
988 2297 1056 2352 τῶν
1084 2293 1154 2353 ΑΒ

130 2393 214 2477 πρὸς
241 2397 305 2457 BA
333 2396 431 2477 λόγος
459 2391 529 2458 ἐστὶ
557 2395 684 2470 δοθείς·
716 2392 773 2458 καὶ
800 2402 858 2478 τῆς
881 2397 946 2457 ΑΒ
974 2395 1040 2480 ἄρα
1067 2396 1154 2481 πρὸς

130 2502 195 2562 BA
226 2501 324 2581 λόγος
356 2496 425 2565 ἐστὶ
457 2500 581 2575 ὃοθείς.
636 2508 694 2583 τῆς
721 2496 759 2564 δέ
786 2504 853 2564 AB
884 2500 968 2585 πρὸς
994 2500 1059 2583 τὴν
1086 2503 1158 2564 ΒΓ

131 2605 230 2686 λόγος
258 2602 328 2669 ἐστὶ
356 2605 484 2682 ὃοόείς·
516 2602 572 2670 ιιαλ
595 2614 653 2690 τῆς
675 2610 741 2670 ΑΒ
770 2608 834 2693 ἄρα
855 2606 940 2691 πρὸς
960 2608 1030 2670 ΒΓ
1052 2608 1153 2688 λόγος

131 2710 254 2788 ὃοθείς.
291 2708 346 2776 καὶ
370 2708 440 2776 ἐπεὶ
462 2713 562 2794 λόγος
583 2720 643 2796 τῆς
663 2716 730 2777 ΑΒ
753 2714 837 2798 πρὸς
858 2715 921 2775 BA
945 2711 1071 2797 ὃοθείς,
1093 2715 1155 2777 καί

77 2827 111 2878 25
131 2815 232 2901 ἐστιν,
256 2816 301 2894 ὡς
318 2817 339 2901 ἡ
354 2824 386 2882 A
392 2821 421 2882 B
438 2819 523 2905 πρὸς
540 2822 614 2903 BA,
637 2818 744 2895 οὕτως
765 2820 803 2883 τὸ
821 2817 886 2882 ἀπὸ
905 2826 963 2900 τῆς
975 2821 1043 2882 ΑΒ
1066 2819 1152 2904 πρὸς

130 2926 168 2990 τὸ
191 2924 256 2990 ὑπὸ
280 2934 347 2990 τῶν
366 2929 442 3009 AB,
456 2928 532 3009 BA,
555 2927 654 3008 λόγος
676 2927 741 3012 ἄρα
762 2921 819 2988 καλ
841 2931 902 2988 τοῦ
921 2923 986 2989 ἀπὸ
1003 2931 1064 3006 τῆς
1081 2928 1150 2988 ΑΒ

130 3033 214 3118 πρὸς
236 3032 273 3096 τὸ
296 3030 362 3096 ὑπὸ
385 3041 453 3097 τῶν
476 3034 554 3116 AB,
573 3035 637 3095 BA
660 3032 784 3107 δοθείς.
830 3025 935 3094 δοθὲν
958 3025 996 3093 δὲ
1020 3030 1060 3094 τὸ
1081 3028 1149 3094 ὑπὸ

131 3149 198 3203 τῶν
217 3143 249 3201 Α
255 3141 294 3223 B,
313 3142 377 3202 BA
382 3157 390 3173 ·
415 3138 521 3215 οὕτως
543 3138 606 3223 γὰρ
631 3132 736 3202 δοθὲν
755 3134 934 3224 ἀφῄρηται·
958 3131 1066 3202 δοθὲν
1083 3137 1149 3221 ἄρα

201 3400 313 3456 most
332 3396 422 3456 δοθέν
441 3400 506 3455 add.
525 3399 575 3456 καὶ
594 3399 660 3454 ἔστω
679 3399 766 3472 Vah,
840 3401 939 3526 ἔλαβὲ
952 3399 1034 3455 τόΡ.
1104 3404 1149 3457 10.

129 3470 284 3541 τῷ.]τόΡ
371 3478 412 3527 12
437 3470 506 3542 ἀπό]
529 3471 585 3526 ότό
608 3472 695 3542 Vat.
746 3439 821 3524 214.
845 3470 902 3524 ἐστὶ
939 3469 1147 3542 ostelgVat.1,2.
