2400 3840
75 242 81 251 ι
122 164 187 227 202
535 165 724 217 APPENDIX·
782 216 786 224 .

122 309 205 392 πρὸς
227 309 289 390 τὴν
312 309 379 370 ΒΓ
397 308 519 383 δοθείς.
569 310 628 372 καί
649 306 716 372 ἐστι
740 309 792 371 δο·
1025 314 1060 369 Δ
1068 362 1071 371 .

122 412 255 478 θεῖσα*
238 437 258 496 η
275 413 340 478 ὑπὸ
359 424 426 478 τῶν
442 416 548 478 ΔΒΓ
560 416 678 495 γωνία·
703 412 793 478 δέδο-
1009 340 1070 520 f

121 544 175 584 ται
193 522 258 604 ἄρα
276 521 313 584 τὸ
332 525 366 584 Λ
371 523 439 584 ΒΓ
451 523 615 605 τρίγωνον
634 529 679 608 τῶ
698 522 792 586 είδει

122 627 305 691 δοθεῖσα”
284 650 348 710 αρα
372 624 501 690 ἐστὶν“
484 651 504 710 η
527 626 592 691 ὑπὸ
612 633 679 691 τῶν
698 631 761 691 ΒΛ
767 630 799 691 Γ
880 582 990 719 As

86 736 235 814 ὄγωνία.
269 736 328 797 καί
344 731 433 797 ἐστιν
452 733 553 815 αὐτῆς
571 732 708 816 διαλῆὴ
727 733 792 797 ὑπὸ
868 688 977 779 s
977 719 1032 824 Χ

122 842 235 903 ΒΑΓ
267 839 287 922 ἡ
312 841 376 925 ἄρα
398 839 463 904 ὑπὸ
487 850 554 903 τῶν
570 842 671 903 ΒΑΓ
688 843 793 921 γωνία
890 849 905 907 ί
1023 826 1103 992 N

69 945 262 1009 δοθενσα
281 944 383 1009 ἐστιν·
408 943 579 1010 δέδοται”
559 970 623 1029 αμα
641 947 678 1009 τὸ
693 948 798 1010 ΑΒΓ
837 927 868 979 Β
1106 932 1139 980 Γ

121 1053 286 1135 τρίγωνον
308 1060 354 1138 τῷ
378 1053 467 1116 είδει

491 1333 543 1397 Ad
564 1232 656 1417 μηδὲ..
679 1333 764 1399 LIV.
864 1330 871 1341 ’

547 1454 701 1533 Ἄλλως.

185 1578 363 1645 Ἐκκείσθω
388 1581 527 1645 δοθεῖσα
551 1581 667 1646 εὐθεῖα
690 1581 710 1664 ἡ
733 1583 813 1643 ΗΘ.

187 1687 224 1750 τὸ
249 1687 290 1769 δὴ
314 1692 346 1750 Α
369 1695 415 1774 τῷ
439 1688 563 1770 Βῆτοι
588 1687 703 1771 ὅμοιόν
727 1685 817 1751 ἐστιν
840 1686 859 1769 ἢ
884 1688 933 1752 οὔ.
1011 1696 1016 1706 ’

24 1844 26 1849 .
58 1844 61 1848 ,
188 1795 269 1857 ἔστω
297 1795 459 1878 πρότερον
487 1793 616 1877 ὅμοιον,
644 1791 699 1857 καὶ
725 1795 934 1877 πεποιήσθω,
963 1793 1008 1870 ὡς
1031 1792 1051 1876 ἡ
1078 1797 1138 1858 ΓΔ

69 1912 103 1960 15
122 1900 204 1983 πρὸς
226 1900 288 1982 τὴν
310 1902 389 1981 ΕΖ,
417 1898 523 1974 οὕτως
545 1900 565 1982 ἡ
589 1903 660 1963 ΗΘ
681 1900 765 1982 πρὸς
787 1901 849 1983 τὴν
872 1903 949 1982 ΚΛ,
976 1897 1032 1963 καὶ
1057 1899 1137 1964 ἀνα-

122 2004 303 2089 γεγράφθω
332 2003 396 2069 ἀαὸ
424 2013 491 2068 τῶν
518 2008 603 2087 ΗΘ,
627 2008 691 2068 ΚΛ
722 2016 792 2080 τοῖς
819 2009 918 2087 Α,Β
952 2004 1048 2088 ὅμοια
1081 2003 1137 2070 καὶ

122 2111 243 2195 ὁμοίως
270 2112 402 2194 κείμενα
429 2112 470 2175 τὰ
493 2116 541 2194 Μ,
560 2115 610 2176 Ν·
645 2109 777 2175 δέδοται
801 2112 866 2196 ἄρα
889 2108 1044 2196 ἑκάτερον
1067 2122 1135 2175 τῶν

120 2223 174 2301 Μ,
192 2222 232 2283 Ν
254 2228 300 2305 τῷ
329 2219 418 2282 είδει.
463 2215 614 2282 καδέαεί
635 2216 740 2300 ἐστιν,
768 2216 813 2293 ὡς
835 2216 855 2299 ἡ
881 2219 941 2282 ΓΔ
968 2219 1051 2302 πρὸς
1075 2220 1136 2301 τὴν

120 2327 199 2405 ΕΖ,
226 2322 332 2398 οὕτως
359 2322 378 2405 ἡ
407 2326 479 2386 ΗΘ
505 2324 588 2406 πρὸς
615 2325 676 2406 τὴν
699 2326 778 2405 ΚΑ,
809 2320 864 2386 καὶ
890 2320 1135 2409 ἀναγέγραπναι

68 2439 102 2488 20
121 2426 185 2491 ἀπὸ
209 2437 276 2490 τῶν
296 2429 366 2509 ΓΔ,
384 2431 457 2509 ΕΖ,
476 2431 516 2490 H
519 2431 557 2523 Θ,
576 2431 641 2491 ΚΛ
664 2416 761 2511 ὅμοια
783 2425 839 2492 καὶ
858 2428 979 2512 ὁμοίως
1001 2432 1135 2513 κείμενα

120 2533 340 2616 εὐθύγραμμα
361 2533 403 2596 τὰ
421 2539 463 2616 Α,
482 2537 521 2615 Β,
541 2537 589 2616 Μ,
608 2537 653 2616 Ν,
677 2536 767 2599 ἔστιν
790 2536 854 2620 ἄρα
877 2535 922 2611 ὡς
939 2536 977 2600 τὸ
996 2542 1029 2600 Α
1051 2537 1136 2621 πρὸς

119 2640 157 2703 τὸ
176 2643 216 2721 Β,
239 2637 345 2714 οὕτως
368 2639 405 2703 τὸ
429 2643 474 2703 Μ
489 2639 573 2724 πρὸς
595 2641 632 2704 τὸ
655 2644 699 2705 Ν.
737 2643 835 2723 λόγος
858 2637 895 2704 δὲ
917 2650 977 2705 τοῦ
997 2646 1029 2704 Α
1051 2643 1135 2728 πρὸς

46 2773 50 2780 ·
120 2746 158 2810 τὸ
177 2749 206 2809 Β
225 2745 352 2820 δοθείς·
377 2748 474 2828 λόγος
497 2747 561 2830 ἄρα
579 2743 713 2810 καὶτοῦ
732 2751 777 2810 Μ
793 2747 877 2831 πρὸς
895 2747 932 2811 τὸ
951 2751 991 2812 Ν
1009 2749 1133 2826 δοθείς.
1163 2788 1171 2801 ·

121 2849 225 2917 δοθὲν
244 2848 281 2915 δὲ
299 2852 336 2916 τὸ
351 2856 405 2915 Μ·
429 2851 492 2916 ἀπὸ
507 2852 570 2936 γὰρ
586 2850 765 2935 δεδομένης
783 2852 916 2927 εὐθείας
934 2862 980 2939 τῷ
999 2852 1130 2937 μεγέθει

68 2969 102 3018 25
121 2957 363 3043 ἀναγέγραπται
388 2956 567 3041 δεδομένον
590 2952 691 3034 εἶδος·
725 2954 829 3022 δοθὲν
856 2959 921 3043 ἄρα
949 2956 1065 3025 καὶτὸ
1089 2966 1133 3027 Ν.

191 3228 214 3274 1.
234 3221 305 3292 ΒΓ]
325 3191 825 3288 BraPetVat.,mu0Ade1
845 3177 881 3273 ιω
901 3225 930 3287 2
952 3223 1047 3275 ΓΒν
1108 3228 1132 3276 6.

120 3292 290 3363 BAP(pr.)]
313 3299 368 3345 τῶν
388 3290 517 3344 BAPb.
607 3289 625 3358 ἡ
649 3290 685 3359 ὀί
687 3311 759 3344 α
779 3288 879 3344 ἐστ
869 3291 908 3362 ν]
933 3291 1054 3346 δοθεῖσα
1076 3291 1133 3361 ἄρα

120 3361 334 3430 καὶῶὴδπδτ
336 3364 465 3415 νΒΑΓ·
491 3360 546 3414 ἔστι
565 3357 596 3414 δὲ
616 3361 700 3430 καὶ
719 3361 775 3415 αδ
793 3369 849 3417 των
868 3365 953 3415 ΑΒΓ
972 3361 1061 3431 γωνία
1086 3366 1133 3419 δο-

23 3474 27 3481 .
118 3434 214 3485 θεῖσα·
239 3453 275 3486 αα
257 3433 287 3485 αὶ
309 3430 392 3519 λοιπὴ
416 3430 472 3499 ἄρα
453 3431 543 3500 αὴν
526 3431 582 3485 ὑπὸ
605 3441 642 3487 τῶ
644 3453 660 3486 ν
679 3436 758 3485 ΑΓΒ
782 3431 870 3501 γωνία
889 3431 1010 3498 δοθεῖσα
1029 3433 1132 3489 mab.

156 3507 196 3555 13.
216 3501 264 3571 δή]
283 3500 360 3556 δέδ.
421 3500 506 3572 ἐστιν]
526 3517 579 3556 om.
599 3502 625 3556 b
700 3507 741 3556 16.
760 3503 829 3558 Post
849 3506 907 3559 ΗΘ
926 3503 980 3558 del.
996 3522 1068 3573 προς
1080 3524 1134 3576 την
