2400 3840
111 119 153 181 74
512 117 717 168 Δοοουυαι.

109 263 174 326 ὑπὸ
201 272 268 325 τῶν
292 265 392 325 ΒΑΓ
413 269 453 346 τῇ
480 259 545 324 ὑπὸ
569 270 636 324 τῶν
658 263 774 342 ΑΖΕ,
806 257 881 344 περὶ
909 254 946 322 δὲ
973 258 1034 333 τὰς
1060 257 1126 322 ὑπὸ

109 380 176 433 τῶν
196 371 301 450 ΒΑΓ,
314 370 418 431 AZE
434 368 558 446 γωνίας
575 365 633 442 τὰς
651 365 797 452 πλευρὰς
813 364 989 448 ἀνάλογον,
1008 363 1128 448 ὅμοιον

110 476 174 558 ἄρα
196 465 266 537 ’ἐστὶ
290 474 326 537 τὸ
350 476 456 537 ΑΒΓ
477 475 641 557 τρίγωνον
668 482 715 560 τῷ
738 475 840 537 AEZ
863 471 1027 559 τριγώνῳ.
1075 468 1127 536 δέ-

110 581 203 644 δοται
227 576 264 644 δὲ
286 581 323 644 τὸ
342 583 446 643 ΔΖΕ
467 587 512 665 τῷ
537 579 631 643 εῖδει·
655 577 787 643 δέδοται
811 579 875 663 ἄρα
893 574 949 642 καὶ
967 579 1005 642 τὸ
1025 579 1132 642 ΑΒΓ

74 699 91 747 5
109 689 275 772 τρίγωνον
297 695 342 772 τῷ
367 686 456 750 εῖδει.

585 841 653 927 νβ’·

175 968 250 1033 Ἐδιν
268 969 434 1053 τριγώνου
454 969 491 1032 αλ
504 965 644 1053 πλευραὶ
657 968 740 1052 πρὸς
755 966 898 1049 ἀλλήλας
911 970 1014 1049 λόγον
1028 969 1127 1052 ἔχωσι

111 1073 305 1158 δεδομένον,
328 1073 460 1139 δέδοται
483 1075 520 1139 τὸ
544 1076 710 1160 τρίγωνον
733 1083 778 1162 τῷ
801 1074 892 1138 εῖδει.

177 1181 342 1266 τριγώνου
366 1181 428 1266 γὰρ
452 1189 513 1245 τοῦ
532 1184 637 1245 ΑΒΓ
654 1181 692 1244 αλ
711 1177 852 1265 πλευραὶ
874 1180 958 1265 πρὸς
981 1178 1127 1261 ἀλλήλας

60 1300 93 1347 10
112 1288 212 1367 λόγον
240 1285 403 1370 ἐχέτωσαν
430 1285 623 1371 δεδομένον·
656 1285 756 1369 λέγω,
784 1287 835 1351 ότι
862 1287 900 1350 τὸ
924 1289 1031 1351 ΑΒΓ
1058 1289 1127 1371 τρί-

113 1415 224 1473 γωνον
247 1390 380 1456 δέδοται
402 1402 448 1480 τῷ
473 1394 563 1457 εῖδει.
645 1447 652 1459 .

179 1497 339 1562 ἐκκείσθω
373 1498 435 1583 γδιρ
468 1496 629 1582 δεδομένη
656 1507 702 1586 τῷ
730 1496 863 1582 μεγέθει
891 1497 1008 1562 εὐθεῖα
1035 1496 1056 1580 ἡ
1085 1502 1126 1561 A.

112 1603 167 1670 καὶ
190 1603 258 1669 ἐπεὶ
282 1607 379 1686 λόγος
403 1603 471 1669 ἐστὶ
489 1614 547 1688 τῆς
566 1609 632 1669 ΑΒ
655 1605 739 1690 πρὸς
757 1608 825 1669 ΒΓ
842 1605 967 1687 δοθείς,
990 1604 1007 1670 ὁ
1027 1603 1129 1679 αὐτὸς

113 1712 201 1799 αὐτῷ
222 1710 382 1794 γεγονέτω
401 1710 419 1776 ό
439 1719 497 1793 τῆς
514 1717 547 1774 A
569 1711 652 1792 πρὸς
670 1712 732 1795 τὴν
750 1716 788 1776 Β.
826 1712 966 1775 δοθεῖσα
985 1706 1023 1774 δὲ
1041 1710 1063 1793 ἡ
1081 1717 1127 1775 A·

61 1832 93 1880 15
113 1820 252 1882 δοθεῖσα
275 1819 339 1903 ἄρα
360 1815 417 1881 καὶ
440 1817 459 1900 ἡ
483 1821 521 1881 Β.
558 1816 659 1881 πόλιν
683 1814 752 1881 ἐπεὶ
775 1818 873 1898 λόγος
896 1814 965 1880 ἐστὶ
987 1825 1046 1900 τῆς
1065 1820 1133 1881 ΒΓ

111 1927 194 2009 πρὸς
216 1926 277 2007 τὴν
296 1930 328 1988 Α
334 1927 367 1988 Γ
384 1925 509 2006 δοθείς,
532 1922 550 1988 δ
574 1922 674 1999 αὐτὸς
692 1922 782 2009 αὐτῷ
802 1920 963 2004 γεγονέτω
982 1921 1000 1988 δ
1019 1931 1081 2006 τῆς
1097 1927 1129 1987 Ε

112 2032 195 2116 πρὸς
217 2032 278 2113 τὴν
303 2034 339 2093 Ζ.
381 2030 523 2094 δοθεῖσα
546 2025 583 2093 δὲ
605 2028 697 2110 M·
719 2029 860 2092 δοθεῖσα
883 2029 947 2113 ἄρα
969 2026 1026 2092 καὶ
1048 2027 1069 2111 ἡ
1091 2033 1127 2093 Ζ.

114 2135 169 2201 καὶ
192 2135 226 2200 εἰι
249 2146 353 2221 τριῶν
376 2135 531 2218 εὐθειῶν,
554 2134 592 2198 αῖ
612 2136 697 2198 εἰσιν
721 2139 790 2198 λ’σαι
812 2131 902 2219 τρισὶ
924 2145 997 2210 ταῖς
1016 2135 1128 2199 δοθεί-

113 2260 186 2318 σαις
208 2254 280 2318 ταῖς
298 2248 341 2323 Δ,
355 2246 394 2323 Ε,
410 2246 448 2323 Ζ,
472 2236 520 2305 ὧν
543 2241 580 2304 αλ
601 2240 663 2304 δύο
686 2249 745 2323 τῆς
767 2244 883 2323 λοιπῆς
900 2238 1045 2324 μείζονές
1064 2242 1128 2305 εἰσι

60 2363 94 2410 20
113 2349 219 2432 πάντῃ
233 2349 571 2431 μεταλαμβανόμεναι,
585 2348 750 2432 τρίγωνον
759 2345 947 2411 συνεστάτω
958 2348 995 2411 τὸ
1006 2349 1127 2411 ΗΘΚ·

113 2455 196 2518 ὥστε
229 2458 305 2534 ῖσην
333 2447 418 2516 εἶναι
445 2453 507 2536 τὴν
534 2448 594 2536 μὲν
622 2457 655 2516 A
686 2462 726 2538 τῇ
754 2455 841 2534 ΗΘ,
873 2454 935 2535 τὴν
962 2449 1000 2517 δὲ
1027 2457 1060 2516 Ε
1089 2463 1127 2538 τῇ

115 2562 194 2641 ΘΚ,
231 2560 292 2641 τὴν
324 2555 361 2622 δὲ
394 2561 421 2621 Ζ
457 2568 497 2643 τῇ
529 2561 609 2622 HK.
669 2560 808 2622 δοθεῖσα
841 2554 878 2622 δὲ
909 2554 1029 2642 ἑκάστη
1061 2569 1128 2623 τῶν

113 2672 160 2747 Δ,
183 2670 227 2746 Ε,
252 2667 292 2727 Ζ·
330 2665 469 2728 δοθεῖσα
501 2662 567 2749 ἄρα
599 2661 655 2729 καὶ
686 2661 803 2746 ἑκάστη
836 2673 903 2728 τῶν
935 2667 1022 2748 ΗΘ,
1052 2668 1127 2747 ΘΚ,

114 2776 190 2836 ΚΗ
208 2780 253 2858 τῷ
277 2768 424 2854 μεγέθει·
457 2768 589 2835 δέδοται
613 2773 677 2858 ἄρα
700 2771 736 2834 τὸ
760 2772 873 2834 ΗΘΚ
892 2773 1059 2855 τρίγωνον
1082 2780 1127 2858 τῷ

60 2889 94 2938 26
114 2880 204 2943 εῖδει.
249 2874 304 2941 καὶ
328 2876 400 2940 ἐπεί
421 2874 511 2941 ἐστιν
534 2876 579 2953 ὡς
602 2877 622 2960 ἡ
647 2880 713 2940 ΑΒ
736 2877 819 2963 πρὸς
841 2876 903 2959 τὴν
927 2879 998 2959 ΒΓ,
1023 2876 1130 2954 οὕτως

113 2982 132 3065 ἡ
157 2987 189 3046 A
216 2982 299 3069 πρὸς
321 2982 383 3064 τὴν
406 2986 450 3064 Ε,
484 2987 538 3064 ἴση
562 2978 598 3046 δὲ
625 2980 646 3064 ἡ
669 2977 730 3065 μὲν
752 2988 786 3044 A
812 2991 852 3067 τῇ
875 2984 961 3066 ΗΘ,
992 2982 1013 3066 ἡ
1040 2980 1077 3048 δὲ
1100 2989 1132 3049 Ε

185 3180 207 3229 1.
234 3171 671 3244 BAF]A13rb,itemlin.2.
741 3173 1033 3296 εωτΕραστο.
1105 3183 1128 3230 ο.

114 3245 161 3316 μόλ’
194 3244 281 3313 μγ’1),
337 3248 361 3297 8.
381 3244 430 3315 τῷ]
450 3243 532 3315 ἐντῷ
550 3243 577 3296 b.
639 3247 662 3296 9.
683 3243 858 3313 ΑΒΓ]ΑΓ
970 3251 1011 3300 10.
1033 3244 1129 3318 ἐχέτω-

114 3247 179 3386 οανδ
194 3314 287 3386 έχουσι
305 3314 331 3368 b.
387 3319 447 3405 ‘12
467 3319 504 3386 τῷ
519 3310 645 3384 μεγέθει]
665 3329 718 3368 om.
729 3312 756 3367 b.
831 3319 872 3367 16.
893 3318 915 3366 Α
922 3316 1006 3441 qs
1013 3322 1034 3371 Β
1053 3319 1129 3388 Van,

114 3390 163 3439 BA
181 3403 206 3440 v.
300 3391 341 3440 17.
360 3386 423 3456 την]
448 3401 500 3438 om.
520 3383 547 3438 b.
630 3381 690 3455 καλ]
713 3400 767 3437 om.
786 3384 813 3438 b.
897 3389 938 3439 18.
981 3391 1027 3442 ost
1045 3399 1129 3459 τριῶν

113 3455 177 3510 add.
198 3455 235 3524 δή
252 3455 279 3511 b.
364 3453 447 3526 τρισί]
470 3472 522 3509 om.
541 3454 568 3508 b.
661 3460 702 3508 19.
726 3456 798 3525 ταῖς]
823 3463 857 3526 τῇ
874 3455 902 3510 b.
993 3458 1129 3532 μείζονες]
