2400 3840
121 160 186 224 104
523 164 727 216 ΔΕΔΟΜΕΝΔ.

120 315 187 369 τῶν
211 307 315 386 ΓΑΒ,
340 298 387 368 ὧν
410 305 431 388 η
453 304 518 369 ὑπὸ
537 309 637 369 ΔΑΒ
661 305 801 370 δοθεῖσά
824 305 924 388 ἐστιν,
948 307 1046 389 λοιπὴ
1071 308 1137 393 άρα

121 411 140 493 ἡ
168 409 233 474 ὑπὸ
262 420 330 474 τῶν
354 413 448 474 ΓΑΔ
481 409 549 474 ἐστι
578 412 726 475 δοθεῖσα.
781 413 849 475 ἔστι
878 409 915 476 δὲ
941 410 997 475 καὶ
1025 410 1044 492 ἡ
1068 411 1136 476 ὑπὸ

120 527 188 579 τῶν
212 517 306 579 ΓΔΑ
329 516 481 580 δοθεῖσα·
509 516 596 601 ὀρθὴ
620 516 696 601 γάρ·
727 518 824 599 λοιπὴ
848 518 912 602 ἄρα
935 517 955 600 ἡ
978 517 1044 581 ὑπὸ
1068 530 1137 582 τῶν

121 628 153 685 Α
160 624 220 685 ΓΔ
243 622 383 686 δοθεῖσά
406 622 509 687 ἐστιν’
542 620 674 687 δέδοται
697 623 761 707 άρα
783 623 821 687 τὸ
844 625 943 686 ΑΓΔ
968 625 1136 708 τρίγωνον

86 742 102 789 5
121 736 166 813 τῷ
190 728 283 791 εῖδει·
307 731 405 810 λόγος
423 729 487 814 άρα
506 724 575 792 ἐστὶ
593 738 651 812 τῆς
667 731 728 792 ΓΑ
749 730 832 814 πρὸς
850 730 911 812 την
925 734 991 793 ΑΔ
1010 730 1135 806 δοθείς.

121 841 179 914 της
202 828 238 895 δὲ
260 838 327 897 ΔΑ
349 834 433 919 πρὸς
455 836 515 917 τὴν
539 838 605 898 ΑΒ
628 837 726 916 λόγος
749 832 817 899 ἐστὶ
842 835 968 911 δοθείς·
998 833 1136 918 καὶτῆς

122 940 183 1001 ΓΑ
210 939 273 1022 άρα
300 939 383 1024 πρὸς
410 940 471 1023 την
494 944 561 1003 ΑΒ
589 941 686 1020 λόγος
708 938 783 1024 Ῐέστὶ
806 941 936 1026 ,δοθείς
986 943 1045 1004 καί
1066 941 1136 1005 ἐστι

122 1044 262 1107 δοθεῖσα
285 1043 305 1126 ἡ
328 1047 402 1106 ΒΑ·
434 1043 573 1108 δοθεῖσα
597 1046 661 1129 άρα
684 1043 739 1109 καὶ
761 1045 782 1128 ἡ
806 1048 880 1109 ΑΓ.
925 1049 984 1109 καί
1005 1046 1074 1110 ἐστι
1098 1049 1136 1111 τὸ

121 1148 244 1223 πλάτος
266 1156 326 1211 τοῦ
349 1151 612 1234 παραβληματος.

69 1356 103 1404 10
598 1341 663 1424 νη’.

195 1462 272 1528 Ἐάν
304 1461 409 1529 δοθὲν
440 1466 528 1552 παρά
562 1467 722 1532 δοθεῖσαν
751 1470 951 1553 παραβληθῇ
985 1468 1137 1534 ἐλλεῖπον

123 1570 203 1634 εῖδει
227 1567 392 1658 δεδομένῳ
415 1580 460 1659 τῷ
484 1572 579 1654 εῖδει,
605 1570 737 1636 δέδοται
760 1575 799 1636 τά
821 1573 927 1656 πλάτη
950 1582 1010 1638 τοῦ
1035 1574 1137 1639 ἐλλεί-

122 1699 232 1760 ματος.

190 1778 294 1846 δοθὲν
317 1783 380 1868 γάρ
403 1784 440 1847 τὸ
464 1786 536 1847 ΑΓ
557 1784 647 1869 παρά
670 1784 831 1848 δοθεῖσαν
854 1785 915 1867 τὴν
938 1790 1005 1848 ΑΔ
1031 1805 1137 1870 παρα-

71 1903 103 1950 15
122 1891 298 1972 βεβλησθω
322 1888 473 1953 ἐλλεῖπον
495 1889 576 1953 εῖδει
599 1887 765 1976 δεδομένῳ
789 1899 834 1976 τῷ
860 1892 921 1953 ΓΔ
927 1909 934 1924 ·
965 1887 1060 1972 λέγω,
1085 1891 1137 1954 ὅτι

123 1994 262 2059 δοθεῖσά
286 1992 376 2058 ἐστιν
400 1991 534 2079 ἑκατέρα
557 2004 624 2058 τῶν
647 1997 719 2076 ΒΓ,
738 1998 810 2058 ΒΔ.

189 2102 361 2184 τετμήσθω
385 2100 448 2184 γάρ
472 2099 578 2182 ηΑΔ
602 2100 678 2183 δίχα
698 2100 835 2164 κατὰτὸ
854 2105 886 2164 Ε
907 2112 1055 2184 σημεῖον·
1080 2103 1137 2166 δο-

122 2213 221 2271 θεῖσα
250 2207 315 2288 άρα
338 2200 427 2268 ἐστὶν
454 2205 475 2288 η
498 2209 570 2269 ΕΔ.
616 2203 672 2269 καὶ
703 2204 948 2292 ἀναγεγράφθω
982 2205 1045 2271 άπὸ
1079 2217 1138 2290 της

87 2368 90 2374 .
122 2317 186 2375 ΕΔ
209 2319 255 2398 τῷ
276 2312 337 2373 ΓΔ
360 2309 476 2393 ὅμοιον
498 2308 554 2374 καὶ
576 2310 698 2394 ὁμοίως
719 2313 871 2395 κείμενον
896 2311 1135 2397 εὐθύγραμμον

70 2430 104 2478 20
123 2418 159 2480 τὸ
179 2420 253 2498 ΕΖ,
275 2413 331 2478 καὶ
353 2415 618 2501 καταγεγράφθω
641 2418 679 2482 τὸ
702 2426 822 2501 σχῆμα·
847 2415 979 2482 δέδοται
998 2419 1062 2503 άρα
1080 2416 1136 2483 καὶ

123 2523 160 2586 τὸ
179 2526 243 2586 ΕΖ
266 2530 311 2609 τῷ
335 2521 425 2585 εῖδει.
463 2518 519 2585 καὶ
542 2519 611 2586 ἐπεὶ
634 2521 698 2587 ἀπὸ
722 2521 900 2606 δεδομένης
922 2523 1056 2600 εὐθείας
1079 2535 1137 2608 τῆς

123 2632 191 2692 EA
224 2626 403 2711 δεδομένον
430 2635 475 2714 τῷ
503 2628 584 2692 εῖδει
610 2623 699 2704 εἶδος
726 2626 969 2714 ἀναγέγραπται
996 2631 1033 2694 τὸ
1061 2635 1136 2714 ΕΖ,

123 2731 256 2798 δέδοται
279 2735 343 2819 άρα
366 2733 403 2796 τὸ
426 2737 490 2796 ΕΖ
516 2742 562 2821 τῷ
589 2732 731 2818 μεγέθει.
776 2737 835 2799 καί
855 2733 946 2800 ἐστιν
970 2740 1044 2801 ἴσον
1066 2749 1137 2812 τοῖς

123 2842 199 2922 ΑΓ,
218 2843 298 2903 ΚΘ·
331 2836 463 2903 δέδοται
490 2840 555 2924 ἄρα
581 2838 637 2904 καὶ
664 2841 704 2904 τά
731 2843 807 2924 ΑΓ,
825 2845 860 2904 K
866 2846 894 2905 (δ
919 2851 965 2924 τῷ
992 2841 1137 2926 μεγέθει.

197 3001 220 3050 1.
240 2995 333 3066 AAB]
352 2997 433 3050 ΒΑΘ
451 2995 478 3050 b.
571 3001 596 3049 2.
622 2999 694 3049 ΓΑΔ
730 3012 797 3050 corr.
818 3012 853 3050 ex
870 3001 950 3052 ΑΓΔ
968 2998 1136 3068 m.2Vat.,

125 3067 249 3122 ΓΑΘΙ),
340 3065 601 3138 ἐστι-4.ΑΓΔ]
626 3082 678 3119 om.
725 3068 763 3122 at.
854 3072 879 3120 3.
905 3068 988 3138 ΓΔΑ]
1010 3070 1135 3124 ΓΘΑΙ).

159 3143 184 3191 4.
208 3141 286 3191 ΑΓΔ
300 3137 490 3261 (ολωωαωοη,
504 3139 588 3193 ΑΓΘ
605 3136 633 3191 b.
715 3141 739 3191 5.
762 3138 823 3208 ΑΔ]
843 3140 897 3193 ΑΘ
914 3138 942 3192 b.
1025 3145 1050 3192 6.
1074 3146 1122 3194 AA

123 3211 182 3263 ΑΘ
205 3208 232 3262 b.
314 3213 363 3262 AB
400 3213 448 3262 BA
493 3250 498 3262 .
579 3213 602 3261 8.
627 3206 695 3278 άροι]
715 3206 771 3275 ἄρα
795 3205 851 3262 ἐστί
873 3208 900 3262 b.
978 3207 1028 3263 καί
1046 3210 1118 3280 (alt.)

123 3278 193 3346 πρός
211 3278 238 3331 b.
301 3275 357 3331 ἐστι
389 3295 441 3332 om.
456 3279 521 3333 Ἰοῖ.
595 3283 637 3331 12.
656 3275 758 3349 πλάτη]
778 3294 846 3332 corr.
866 3294 901 3331 ex
919 3277 995 3333 ἁπλᾶ
1013 3288 1048 3351 τη
1067 3287 1136 3334 m.2

123 3350 188 3403 vat.
263 3346 431 3419 ἐλλείματος]
451 3348 624 3412 ἐλλείποντος
642 3348 669 3402 b.
748 3354 789 3402 15.
816 3350 876 3421 ΓΔ]
895 3354 955 3404 ΔΓ
969 3350 1019 3405 vb.
1094 3357 1136 3405 16.

125 3419 195 3489 ΒΓ]
217 3422 267 3471 ΓΒ
285 3417 312 3472 b.
387 3423 429 3472 17.
449 3417 525 3491 δίχα]
544 3419 588 3474 bis
607 3419 686 3488 Vat„
710 3418 759 3472 alt.
780 3419 834 3472 del.
853 3437 889 3474 m.
909 3426 933 3474 2.
1009 3426 1050 3475 18.
1070 3418 1136 3493 καλ]

125 3506 178 3544 om.
198 3488 263 3542 Vat.
337 3494 379 3542 20.
400 3491 501 3560 σχῆμα]
521 3493 573 3544 ΕΖ
590 3490 715 3558 PVat.v‚
735 3492 803 3543 mut.
823 3489 852 3543 in
872 3499 963 3560 σχῆμα
982 3497 1050 3547 m.2
1070 3493 1136 3548 Vat.
