2400 3840
112 155 176 218 120
422 221 436 242 ι
516 155 720 206 mom.

110 299 237 385 πλευρὰ
261 308 328 361 τῶν
350 298 412 381 τὴν
435 295 544 374 ὀξεῖαν
566 299 693 378 γωνίαν
715 306 939 380 περιεχουσῶν
961 301 1129 379 πλευρῶν,

112 405 217 469 έκεῖνο
233 405 269 468 τὸ
279 407 403 489 χωρίον
417 404 500 490 πρὸς
513 404 551 466 τὸ
566 406 730 487 τρίγωνον
744 404 846 482 λόγον
860 399 922 478 ἕξει
937 400 1129 484 δεδομένον.

180 513 261 574 ἔστω
290 513 454 594 τρίγωνον
487 507 671 590 ὀξυγώνιον
701 509 737 572 τὸ
765 511 880 590 ΑΒΓ,
912 505 1022 584 ὀξεῖαν
1049 510 1128 590 ἔχον

113 620 239 698 γωνίαν
263 615 445 699 δεδομένην
468 617 528 698 τὴν
550 614 616 678 ὑπὸ
639 625 707 677 τῶν
730 617 839 696 ΑΒΓ,
864 611 919 677 καὶ
944 614 1036 696 ἤχθω
1062 613 1128 678 ἀπὸ

78 737 94 785 5
113 731 173 785 τοῦ
192 728 224 785 Α
248 720 301 785 έτιὶ
324 723 384 804 τὴν
403 724 470 785 ΒΓ
487 721 628 795 κάθετος
646 719 667 802 ἡ
686 725 765 783 ΑΔ·
789 717 884 802 λέγω,
908 719 968 800 ότι,
988 712 1014 805 ᾧ
1034 721 1129 783 ἔλασ-

114 830 175 891 σόν
199 827 267 891 ε’στι
285 827 359 891 τὸ’
342 828 405 891 απὸ
426 835 484 911 τῆς
503 832 535 889 Α
542 829 573 890 Γ
591 836 658 889 τῶν
676 825 740 889 ἀπὸ
760 836 827 889 τῶν
845 829 922 906 ΑΒ,
937 827 1009 908 ΒΓ
1033 847 1129 889 τουτ-

115 933 183 998 έστι
206 933 243 997 τὸ
263 931 350 1007 δὶς*
333 934 399 997 υπὸ
418 943 484 996 τῶν
505 935 576 1014 ΓΒ,
591 935 654 995 ΒΔ
677 932 760 1015 πρὸς
783 933 820 994 τὸ
839 933 945 994 ΑΒΓ
962 934 1129 1015 τριγωνον

114 1042 216 1120 λόγον
239 1041 303 1121 ἔχει
328 1037 517 1121 δεδομένον

183 1140 251 1207 ἐπεὶ
278 1145 341 1228 γὰρ
370 1143 509 1207 δοθεῖσό
537 1143 671 1207 ἐστιν’
654 1167 674 1225 η
702 1142 767 1206 ὑπὸ
794 1153 862 1207 τῶν
884 1147 986 1206 ΑΒΔ
1013 1146 1130 1226 γωνία,

62 1265 96 1313 10
116 1252 184 1313 ἔστι
208 1245 245 1312 δὲ
267 1246 323 1312 καὶ
346 1249 367 1331 ἡ
389 1249 454 1313 ὑπὸ
478 1259 545 1312 τῶν
568 1252 668 1311 ΑΔΒ
692 1249 842 1330 δοθεῖσα,
865 1246 920 1312 καὶ
943 1250 1040 1331 λοιπὴ
1065 1250 1130 1333 όίρα

115 1353 135 1436 ἡ
158 1353 224 1417 ὑπὸ
248 1364 315 1417 τῶν
338 1357 435 1418 ΒΑΔ
458 1353 526 1418 έστι
550 1355 703 1418 δοθεῖσα·
727 1353 860 1418 δέδοται
883 1340 946 1438 ἄρα
969 1355 1006 1418 τὸ
1028 1359 1131 1419 ΑΒΔ

116 1461 281 1544 τρίγωνον
304 1467 349 1545 τῷ
373 1459 467 1523 είδει·
496 1462 594 1540 λόγος
617 1461 681 1545 ίίρα
705 1468 762 1542 τῆς
786 1463 849 1523 ΒΔ
871 1461 954 1544 πρὸς
977 1461 1038 1543 τὴν
1062 1464 1129 1525 ΔΑ

117 1566 244 1641 δοθείς·
278 1565 361 1629 ὥστε
392 1563 447 1628 καὶ
479 1574 539 1628 τοῦ
566 1565 632 1629 ὑπὸ
661 1576 727 1629 τῶν
755 1568 851 1630 ΓΒΔ
883 1567 966 1650 πρὸς
997 1567 1034 1630 τὸ
1063 1566 1131 1630 ὑπὸ

116 1684 185 1737 τῶν
204 1675 277 1754 ΓΒ,
296 1678 362 1735 ΑΔ
385 1673 484 1752 λόγος
507 1669 575 1735 έστὶ
599 1673 727 1748 δοθείς·
750 1669 805 1735 καὶ
828 1680 888 1735 τοῦ
907 1669 960 1747 δὶς
977 1671 1043 1735 ὑπὸ
1063 1683 1131 1736 τῶν

64 1792 97 1841 15
118 1781 193 1861 ΓΒ,
212 1782 275 1841 ΒΔ
303 1779 376 1862 ἄρα.
422 1776 506 1842 ἀλλὰ
534 1786 593 1841 τοῦ
620 1778 686 1842 ὑπὸ
710 1790 776 1842 τῶν
798 1781 871 1861 ΒΓ,
891 1783 957 1841 ΑΔ
983 1779 1066 1862 πρὸς
1094 1779 1132 1842 τὸ

118 1886 223 1947 ΑΒΓ
237 1886 335 1964 λόγος
354 1880 422 1947 ἐστὶ
441 1883 569 1958 δοθείς·
592 1881 647 1946 καὶ
666 1891 726 1946 τοῦ
746 1881 798 1958 δὶς
815 1883 881 1947 ὑπὸ
900 1894 966 1947 τῶν
982 1887 1054 1967 ΓΒ,
1068 1888 1132 1948 ΒΔ

118 1990 182 2073 όίρα
204 1990 287 2073 πρὸς
311 1989 347 2052 τὸ
371 1992 476 2053 ΑΒΓ
500 1992 665 2073 τρίγωνον
692 1992 790 2070 λόγος
813 1986 883 2052 ἐστὶ
906 1990 1029 2065 δοθείς.
1075 1993 1136 2054 καί

119 2094 188 2158 ἐστι
211 2096 248 2158 τὸ
272 2092 325 2170 δὶς
347 2095 412 2159 ὑπὸ
436 2105 503 2158 τῶν
523 2098 595 2178 ΓΒ,
614 2099 686 2177 ΒΔ,
710 2088 737 2182 ᾧ
759 2097 899 2160 ἔλασσόν
917 2094 988 2159 έστι
1011 2097 1047 2160 τὸ
1067 2095 1132 2161 ιἀιὸ

119 2210 176 2284 τῆς
199 2204 270 2264 ΑΓ
288 2210 355 2264 τῶν
379 2200 442 2265 ἀπὸ
466 2211 534 2264 τῶν
556 2205 633 2283 ΑΒ,
652 2204 732 2264 ΒΓ·
759 2194 786 2288 ᾧ
809 2202 874 2285 ἄρα
898 2203 1037 2266 ἔλασσόν
1062 2201 1133 2267 ε’στι

65 2321 100 2369 20
120 2307 157 2370 τὸ
186 2306 249 2370 ἀπὸ
277 2315 335 2387 τῆς
362 2309 433 2370 ΑΓ
459 2318 527 2370 τῶν
559 2305 623 2370 ἀπὸ
651 2318 718 2372 τῶν
745 2312 821 2390 ΑΒ,
844 2311 921 2389 ΒΓ,
955 2307 1062 2372 έκεῖνο
1094 2309 1133 2373 τδ

119 2414 243 2494 χωρίον
262 2411 345 2494 πρὸς
363 2412 399 2474 τὸ
419 2414 524 2474 ΑΒΓ
542 2414 709 2497 τρίγωνον
732 2416 833 2494 λόγον
857 2415 922 2495 ἔχει
942 2413 1134 2497 δεδομένον.

620 2551 660 2621 ς’.

186 2654 261 2720 Ἐὰν
284 2661 450 2741 τρίγωνον
473 2550 655 2742 δεδομένξην
678 2662 734 2744 έχχγ
758 2663 894 2742 γωνίαν,
917 2662 954 2724 τὸ
977 2661 1043 2725 ὑπὸ
1066 2671 1134 2725 τῶν

120 2765 182 2847 τὴν
219 2762 401 2846 δεδομένην
438 2767 565 2845 γωνίαν
595 2775 820 2850 περιεχουσῶν
852 2765 995 2831 εὐθειῶν
1032 2766 1134 2851 ὀρθο-

67 2881 102 2931 25
121 2871 246 2952 γώυιου
268 2871 351 2954 πρὸς
373 2871 411 2933 τὸ
434 2873 600 2956 τρίγωνον
623 2874 724 2952 λόγον
748 2874 813 2953 ἔχει
837 2870 1026 2954 δεδομένον.

195 3006 219 3053 1.
242 3000 310 3071 τῶν]
333 3009 389 3054 τῶν
407 2999 462 3053 ὑπὸ
481 2999 587 3054 τῶυὶ).
679 3004 702 3052 5.
729 2998 841 3055 ἔλαττον
861 3000 925 3055 vat.
1017 3007 1041 3054 6.
1066 3001 1134 3073 ἐστι]

122 3072 242 3126 δόναται
261 3089 286 3124 v.
381 3067 516 3141 τουτέστι]
536 3086 589 3124 om.
608 3069 636 3123 b
734 3075 757 3124 9.
779 3073 867 3142 ΑΒΔ]
887 3077 963 3126 ΑΔΒ
982 3089 1008 3125 v
1093 3079 1134 3126 10.

121 3140 237 3210 καί(ει]6
239 3143 287 3266 )]g
288 3159 340 3195 om
360 3141 424 3195 vat
507 3146 549 3194 11.
573 3141 661 3211 ABA]
680 3145 803 3195 ABPv
886 3147 928 3196 13.
947 3142 1017 3195 Post
1035 3141 1135 3206 δοθείς

122 3213 186 3266 add.
206 3210 255 3267 καί
275 3211 348 3266 ἐστιν
367 3212 404 3274 ὡς
421 3211 439 3280 ἡ
459 3217 508 3264 BA
526 3211 597 3279 τιρδς
614 3217 671 3278 ΔΑ,
691 3209 778 3274 οὕτως
795 3212 827 3266 τὸ
845 3212 901 3266 ὑττδ
922 3217 982 3281 ΓΒ,
997 3217 1046 3266 BA
1065 3215 1136 3282 πρὸς

121 3283 152 3337 τὸ
171 3284 227 3337 υπὸ
248 3287 307 3351 ΓΒ,
321 3288 370 3336 ΑΔ
388 3300 418 3349 v3
437 3299 465 3336 u.
485 3281 570 3336 schol.
590 3299 631 3335 nr.
652 3287 711 3335 125.
798 3283 956 3408 τοῦχτόλ).
1046 3287 1136 3357 ΓΒΔ]

122 3353 246 3407 BPAb.
334 3359 375 3407 14
394 3354 456 3423 τοῦ]
475 3352 553 3407 τόδ),
641 3358 682 3406 15.
707 3354 767 3425 BA]
787 3359 836 3408 ΑΔ
967 3354 1050 3426 ἄρα]
1055 3355 1138 3426 λόγος

123 3423 179 3476 ἐστὶ
198 3421 340 3485 δοθείςὶ)
427 3430 468 3477 16.
487 3428 572 3478 ΑΒΓ
585 3421 646 3493 τρί
648 3424 768 3478 ωνονλ).
850 3427 912 3496 του]
931 3424 1009 3480 τόλι
1093 3433 1135 3481 17.

122 3491 271 3565 τρίγωνον]
291 3511 344 3547 om.
363 3495 438 3563 Vah,
462 3494 527 3550 add.
546 3513 582 3548 m.
603 3500 627 3549 2.
720 3499 761 3549 18
786 3495 853 3567 ὑπό]
877 3495 967 3550 ὁότιό
989 3497 1020 3552 Ρ.
1102 3491 1136 3570 ᾧ]
