<?xml version="1.0" encoding="UTF-8"?>
<!DOCTYPE html PUBLIC "-//W3C//DTD XHTML 1.0 Transitional//EN"
    "http://www.w3.org/TR/xhtml1/DTD/xhtml1-transitional.dtd">
<html xmlns="http://www.w3.org/1999/xhtml" xml:lang="en" lang="en">
 <head>
  <title>
</title>
<meta http-equiv="Content-Type" content="text/html;charset=utf-8" />
  <meta name='ocr-system' content='tesseract 3.04.00' />
  <meta name='ocr-capabilities' content='ocr_page ocr_carea ocr_par ocr_line ocrx_word'/>
</head>
<body>
  <div class='ocr_page' id='page_1' title='image "./euclidisoperaom05unkngoog_0236.png"; bbox 0 0 2400 3840; ppageno 0'>
   <div class='ocr_carea' id='block_1_1' title="bbox 69 143 132 207">
    <p class='ocr_par' dir='ltr' id='par_1_1' title="bbox 69 143 132 207">
     <span class='ocr_line' id='line_1_1' title="bbox 69 143 132 207; baseline 0 -1"><span class='ocrx_word' id='word_1_1' title='bbox 69 143 132 207; x_wconf 76' lang='lat'><em>162</em></span> 
     </span>
    </p>
   </div>
   <div class='ocr_carea' id='block_1_2' title="bbox 8 442 1083 1909">
    <p class='ocr_par' dir='ltr' id='par_1_2' title="bbox 64 442 1083 744">
     <span class='ocr_line' id='line_1_2' title="bbox 131 442 1083 532; baseline 0.001 -22"><span class='ocrx_word' id='word_1_2' title='bbox 131 445 208 510; x_wconf 81' lang='grc' dir='ltr'><em>Ἐὰν</em></span> <span class='ocrx_word' id='word_1_3' title='bbox 230 445 384 532; x_wconf 80' lang='grc' dir='ltr'><em>τέσσαρες</em></span> <span class='ocrx_word' id='word_1_4' title='bbox 408 445 537 511; x_wconf 82' lang='grc' dir='ltr'><em>εὐθεῖαι</em></span> <span class='ocrx_word' id='word_1_5' title='bbox 561 445 727 527; x_wconf 81' lang='grc' dir='ltr'><em>ἀνάλογον</em></span> <span class='ocrx_word' id='word_1_6' title='bbox 750 442 843 529; x_wconf 86' lang='grc' dir='ltr'><em>ὦσιν,</em></span> <span class='ocrx_word' id='word_1_7' title='bbox 867 449 968 530; x_wconf 84' lang='grc' dir='ltr'><em>ἔσται,</em></span> <span class='ocrx_word' id='word_1_8' title='bbox 992 448 1037 523; x_wconf 85' lang='grc' dir='ltr'><em>ὡς</em></span> <span class='ocrx_word' id='word_1_9' title='bbox 1061 449 1083 531; x_wconf 80' lang='grc' dir='ltr'><em>ἡ</em></span> 
     </span>
     <span class='ocr_line' id='line_1_3' title="bbox 65 550 1082 638; baseline 0.002 -22"><span class='ocrx_word' id='word_1_10' title='bbox 65 555 179 638; x_wconf 85' lang='grc' dir='ltr'><strong><em>πρώτη</em></strong></span> <span class='ocrx_word' id='word_1_11' title='bbox 197 554 280 637; x_wconf 90' lang='grc' dir='ltr'><em>πρὸς</em></span> <span class='ocrx_word' id='word_1_12' title='bbox 298 553 341 634; x_wconf 76' lang='grc' dir='ltr'><em>ἣν</em></span> <span class='ocrx_word' id='word_1_13' title='bbox 359 552 379 633; x_wconf 81' lang='grc' dir='ltr'><em>ἡ</em></span> <span class='ocrx_word' id='word_1_14' title='bbox 399 550 537 637; x_wconf 83' lang='grc' dir='ltr'><em>δευτέρα</em></span> <span class='ocrx_word' id='word_1_15' title='bbox 556 555 657 634; x_wconf 81' lang='grc' dir='ltr'><em>λόγον</em></span> <span class='ocrx_word' id='word_1_16' title='bbox 676 554 741 635; x_wconf 82' lang='grc' dir='ltr'><em>ἔχει</em></span> <span class='ocrx_word' id='word_1_17' title='bbox 761 550 950 636; x_wconf 81' lang='grc' dir='ltr'><em>δεδομένον,</em></span> <span class='ocrx_word' id='word_1_18' title='bbox 974 554 1082 630; x_wconf 83' lang='grc' dir='ltr'><em>οὕτως</em></span> 
     </span>
     <span class='ocr_line' id='line_1_4' title="bbox 64 656 1005 744; baseline 0 -22"><span class='ocrx_word' id='word_1_19' title='bbox 64 659 85 741; x_wconf 79' lang='grc' dir='ltr'><em>ἡ</em></span> <span class='ocrx_word' id='word_1_20' title='bbox 109 663 202 744; x_wconf 88' lang='grc' dir='ltr'><strong><em>τρίτη</em></strong></span> <span class='ocrx_word' id='word_1_21' title='bbox 226 660 309 742; x_wconf 90' lang='grc' dir='ltr'><em>πρὸς</em></span> <span class='ocrx_word' id='word_1_22' title='bbox 331 658 374 740; x_wconf 79' lang='grc' dir='ltr'><em>ἣν</em></span> <span class='ocrx_word' id='word_1_23' title='bbox 397 657 417 740; x_wconf 80' lang='grc' dir='ltr'><em>ἡ</em></span> <span class='ocrx_word' id='word_1_24' title='bbox 441 658 577 744; x_wconf 79' lang='grc' dir='ltr'><strong><em>τετάρτη</em></strong></span> <span class='ocrx_word' id='word_1_25' title='bbox 602 661 703 739; x_wconf 81' lang='grc' dir='ltr'><em>λόγον</em></span> <span class='ocrx_word' id='word_1_26' title='bbox 726 660 791 741; x_wconf 79' lang='grc' dir='ltr'><em>ἔχει</em></span> <span class='ocrx_word' id='word_1_27' title='bbox 815 656 1005 742; x_wconf 76' lang='grc' dir='ltr'><em>δεδομένον.</em></span> 
     </span>
    </p>

    <p class='ocr_par' dir='ltr' id='par_1_3' title="bbox 29 763 1079 1165">
     <span class='ocr_line' id='line_1_5' title="bbox 29 763 1079 850; baseline -0.001 -21"><span class='ocrx_word' id='word_1_28' title='bbox 29 775 45 822; x_wconf 84' lang='lat'>5</span> <span class='ocrx_word' id='word_1_29' title='bbox 132 768 279 829; x_wconf 81' lang='grc' dir='ltr'><em>ἔστωσαν</em></span> <span class='ocrx_word' id='word_1_30' title='bbox 301 763 455 850; x_wconf 83' lang='grc' dir='ltr'><em>τέσσαρες</em></span> <span class='ocrx_word' id='word_1_31' title='bbox 479 765 608 829; x_wconf 81' lang='grc' dir='ltr'><em>εὐθεῖαι</em></span> <span class='ocrx_word' id='word_1_32' title='bbox 631 763 798 845; x_wconf 77' lang='grc' dir='ltr'><em>ἀνάλογον</em></span> <span class='ocrx_word' id='word_1_33' title='bbox 817 764 854 827; x_wconf 69' lang='lat' dir='ltr'><em>al</em></span> <span class='ocrx_word' id='word_1_34' title='bbox 870 770 912 847; x_wconf 86' lang='lat' dir='ltr'><em>A,</em></span> <span class='ocrx_word' id='word_1_35' title='bbox 927 769 966 846; x_wconf 88' lang='grc' dir='ltr'><em>Β,</em></span> <span class='ocrx_word' id='word_1_36' title='bbox 983 769 1020 848; x_wconf 96' lang='grc' dir='ltr'><em>Γ,</em></span> <span class='ocrx_word' id='word_1_37' title='bbox 1035 771 1079 847; x_wconf 86' lang='grc' dir='ltr'><em>Δ,</em></span> 
     </span>
     <span class='ocr_line' id='line_1_6' title="bbox 63 869 1079 954; baseline 0.001 -20"><span class='ocrx_word' id='word_1_38' title='bbox 63 872 107 947; x_wconf 87' lang='grc' dir='ltr'><em>ὡς</em></span> <span class='ocrx_word' id='word_1_39' title='bbox 130 872 151 954; x_wconf 80' lang='grc' dir='ltr'><em>ἡ</em></span> <span class='ocrx_word' id='word_1_40' title='bbox 175 877 207 935; x_wconf 87' lang='grc' dir='ltr'><em>Α</em></span> <span class='ocrx_word' id='word_1_41' title='bbox 229 871 312 954; x_wconf 90' lang='grc' dir='ltr'><em>πρὸς</em></span> <span class='ocrx_word' id='word_1_42' title='bbox 334 871 396 953; x_wconf 83' lang='grc' dir='ltr'><em>τὴν</em></span> <span class='ocrx_word' id='word_1_43' title='bbox 419 875 463 953; x_wconf 98' lang='grc' dir='ltr'><em>Β,</em></span> <span class='ocrx_word' id='word_1_44' title='bbox 487 871 592 945; x_wconf 81' lang='grc' dir='ltr'><em>οὕτως</em></span> <span class='ocrx_word' id='word_1_45' title='bbox 614 869 634 952; x_wconf 80' lang='grc' dir='ltr'><em>ἡ</em></span> <span class='ocrx_word' id='word_1_46' title='bbox 660 872 692 933; x_wconf 90' lang='grc' dir='ltr'>Γ</span> <span class='ocrx_word' id='word_1_47' title='bbox 714 871 795 954; x_wconf 89' lang='grc' dir='ltr'><em>πρὸς</em></span> <span class='ocrx_word' id='word_1_48' title='bbox 818 871 879 953; x_wconf 82' lang='grc' dir='ltr'><em>την</em></span> <span class='ocrx_word' id='word_1_49' title='bbox 902 875 948 934; x_wconf 93' lang='lat' dir='ltr'><em>A·</em></span> <span class='ocrx_word' id='word_1_50' title='bbox 981 870 1079 953; x_wconf 81' lang='grc' dir='ltr'><em>λέγω,</em></span> 
     </span>
     <span class='ocr_line' id='line_1_7' title="bbox 63 974 1078 1060; baseline 0.001 -20"><span class='ocrx_word' id='word_1_51' title='bbox 63 978 113 1041; x_wconf 84' lang='grc' dir='ltr'><em>ὅτι</em></span> <span class='ocrx_word' id='word_1_52' title='bbox 137 977 237 1059; x_wconf 83' lang='grc' dir='ltr'><em>ἐστίν,</em></span> <span class='ocrx_word' id='word_1_53' title='bbox 261 976 306 1051; x_wconf 84' lang='grc' dir='ltr'><em>ὡς</em></span> <span class='ocrx_word' id='word_1_54' title='bbox 324 977 343 1060; x_wconf 82' lang='grc' dir='ltr'><em>ἡ</em></span> <span class='ocrx_word' id='word_1_55' title='bbox 363 982 396 1040; x_wconf 90' lang='grc' dir='ltr'><em>Α</em></span> <span class='ocrx_word' id='word_1_56' title='bbox 418 977 501 1060; x_wconf 91' lang='grc' dir='ltr'><em>πρὸς</em></span> <span class='ocrx_word' id='word_1_57' title='bbox 523 975 567 1057; x_wconf 79' lang='grc' dir='ltr'><em>ἣν</em></span> <span class='ocrx_word' id='word_1_58' title='bbox 588 974 609 1056; x_wconf 84' lang='grc' dir='ltr'><em>ἡ</em></span> <span class='ocrx_word' id='word_1_59' title='bbox 629 978 657 1037; x_wconf 90' lang='grc' dir='ltr'><strong>Β</strong></span> <span class='ocrx_word' id='word_1_60' title='bbox 681 977 783 1056; x_wconf 78' lang='grc' dir='ltr'><em>λόγον</em></span> <span class='ocrx_word' id='word_1_61' title='bbox 802 977 867 1058; x_wconf 84' lang='grc' dir='ltr'><em>ἔχει</em></span> <span class='ocrx_word' id='word_1_62' title='bbox 885 975 1078 1060; x_wconf 75' lang='grc' dir='ltr'><em>δεδομένον,</em></span> 
     </span>
     <span class='ocr_line' id='line_1_8' title="bbox 63 1079 959 1165; baseline -0.001 -19"><span class='ocrx_word' id='word_1_63' title='bbox 63 1083 169 1157; x_wconf 84' lang='grc' dir='ltr'><em>οὕτως</em></span> <span class='ocrx_word' id='word_1_64' title='bbox 190 1081 211 1163; x_wconf 79' lang='grc' dir='ltr'><em>ἡ</em></span> <span class='ocrx_word' id='word_1_65' title='bbox 236 1086 268 1145; x_wconf 92' lang='grc' dir='ltr'>Γ</span> <span class='ocrx_word' id='word_1_66' title='bbox 284 1083 368 1165; x_wconf 89' lang='grc' dir='ltr'><em>πρὸς</em></span> <span class='ocrx_word' id='word_1_67' title='bbox 390 1082 433 1163; x_wconf 79' lang='grc' dir='ltr'><em>ἣν</em></span> <span class='ocrx_word' id='word_1_68' title='bbox 456 1081 476 1164; x_wconf 80' lang='grc' dir='ltr'><em>ἡ</em></span> <span class='ocrx_word' id='word_1_69' title='bbox 499 1087 533 1145; x_wconf 97' lang='lat' dir='ltr'><em>A</em></span> <span class='ocrx_word' id='word_1_70' title='bbox 556 1084 657 1162; x_wconf 76' lang='grc' dir='ltr'><em>λόγον</em></span> <span class='ocrx_word' id='word_1_71' title='bbox 681 1083 745 1164; x_wconf 78' lang='grc' dir='ltr'><em>ἔχει</em></span> <span class='ocrx_word' id='word_1_72' title='bbox 769 1079 959 1164; x_wconf 80' lang='grc' dir='ltr'><em>δεδομένον.</em></span> 
     </span>
    </p>

    <p class='ocr_par' dir='ltr' id='par_1_4' title="bbox 129 1185 1076 1272">
     <span class='ocr_line' id='line_1_9' title="bbox 129 1185 1076 1272; baseline 0 -20"><span class='ocrx_word' id='word_1_73' title='bbox 129 1191 210 1252; x_wconf 77' lang='grc' dir='ltr'><em>ἔστω</em></span> <span class='ocrx_word' id='word_1_74' title='bbox 235 1189 297 1271; x_wconf 81' lang='grc' dir='ltr'><em>γὰρ</em></span> <span class='ocrx_word' id='word_1_75' title='bbox 320 1188 404 1271; x_wconf 89' lang='grc' dir='ltr'><em>πρὸς</em></span> <span class='ocrx_word' id='word_1_76' title='bbox 426 1187 469 1268; x_wconf 78' lang='grc' dir='ltr'><em>ἣν</em></span> <span class='ocrx_word' id='word_1_77' title='bbox 491 1185 511 1268; x_wconf 78' lang='grc' dir='ltr'><strong><em>η</em></strong></span> <span class='ocrx_word' id='word_1_78' title='bbox 531 1190 560 1249; x_wconf 91' lang='grc' dir='ltr'><strong><em>Β</em></strong></span> <span class='ocrx_word' id='word_1_79' title='bbox 583 1189 685 1268; x_wconf 78' lang='grc' dir='ltr'><em>λόγον</em></span> <span class='ocrx_word' id='word_1_80' title='bbox 708 1189 773 1270; x_wconf 82' lang='grc' dir='ltr'><em>ἔχει</em></span> <span class='ocrx_word' id='word_1_81' title='bbox 797 1185 977 1271; x_wconf 88' lang='grc' dir='ltr'><em>δεδομένον</em></span> <span class='ocrx_word' id='word_1_82' title='bbox 996 1186 1016 1269; x_wconf 75' lang='grc' dir='ltr'><em>ἡ</em></span> <span class='ocrx_word' id='word_1_83' title='bbox 1036 1193 1076 1272; x_wconf 86' lang='grc' dir='ltr'><em>Ε,</em></span> 
     </span>
    </p>

    <p class='ocr_par' dir='ltr' id='par_1_5' title="bbox 10 1291 1080 1803">
     <span class='ocr_line' id='line_1_10' title="bbox 10 1291 1077 1381; baseline 0.005 -28"><span class='ocrx_word' id='word_1_84' title='bbox 10 1303 43 1351; x_wconf 88' lang='grc'><em>10</em></span> <span class='ocrx_word' id='word_1_85' title='bbox 61 1292 117 1357; x_wconf 85' lang='grc' dir='ltr'><em>καὶ</em></span> <span class='ocrx_word' id='word_1_86' title='bbox 141 1296 344 1376; x_wconf 81' lang='grc' dir='ltr'><em>πεποιήσθω,</em></span> <span class='ocrx_word' id='word_1_87' title='bbox 368 1293 414 1368; x_wconf 82' lang='grc' dir='ltr'><em>ὡς</em></span> <span class='ocrx_word' id='word_1_88' title='bbox 435 1291 456 1374; x_wconf 77' lang='grc' dir='ltr'>ἡ</span> <span class='ocrx_word' id='word_1_89' title='bbox 477 1297 504 1356; x_wconf 90' lang='grc' dir='ltr'><strong>Β</strong></span> <span class='ocrx_word' id='word_1_90' title='bbox 527 1294 610 1377; x_wconf 88' lang='grc' dir='ltr'><em>πρὸς</em></span> <span class='ocrx_word' id='word_1_91' title='bbox 632 1293 693 1375; x_wconf 82' lang='grc' dir='ltr'><em>την</em></span> <span class='ocrx_word' id='word_1_92' title='bbox 712 1297 751 1376; x_wconf 84' lang='grc' dir='ltr'><em>Β,</em></span> <span class='ocrx_word' id='word_1_93' title='bbox 775 1292 881 1368; x_wconf 83' lang='grc' dir='ltr'><em>οὕτως</em></span> <span class='ocrx_word' id='word_1_94' title='bbox 898 1292 919 1375; x_wconf 78' lang='grc' dir='ltr'>ἡ</span> <span class='ocrx_word' id='word_1_95' title='bbox 938 1298 972 1356; x_wconf 98' lang='lat' dir='ltr'><em>A</em></span> <span class='ocrx_word' id='word_1_96' title='bbox 994 1296 1077 1381; x_wconf 91' lang='grc' dir='ltr'><em>πρὸς</em></span> 
     </span>
     <span class='ocr_line' id='line_1_11' title="bbox 61 1395 1078 1484; baseline 0.001 -21"><span class='ocrx_word' id='word_1_97' title='bbox 61 1401 123 1482; x_wconf 84' lang='grc' dir='ltr'><em>τὴν</em></span> <span class='ocrx_word' id='word_1_98' title='bbox 153 1404 189 1463; x_wconf 90' lang='grc' dir='ltr'><em>Ζ.</em></span> <span class='ocrx_word' id='word_1_99' title='bbox 235 1401 332 1480; x_wconf 78' lang='grc' dir='ltr'><em>λόγος</em></span> <span class='ocrx_word' id='word_1_100' title='bbox 360 1395 396 1462; x_wconf 74' lang='grc' dir='ltr'><em>δέ</em></span> <span class='ocrx_word' id='word_1_101' title='bbox 425 1408 483 1481; x_wconf 79' lang='grc' dir='ltr'><em>τῆς</em></span> <span class='ocrx_word' id='word_1_102' title='bbox 509 1403 537 1461; x_wconf 92' lang='grc' dir='ltr'><strong><em>Β</em></strong></span> <span class='ocrx_word' id='word_1_103' title='bbox 565 1400 649 1484; x_wconf 89' lang='grc' dir='ltr'><em>πρὸς</em></span> <span class='ocrx_word' id='word_1_104' title='bbox 675 1400 737 1482; x_wconf 82' lang='grc' dir='ltr'><em>τὴν</em></span> <span class='ocrx_word' id='word_1_105' title='bbox 760 1403 792 1462; x_wconf 86' lang='grc' dir='ltr'><em>Ε</em></span> <span class='ocrx_word' id='word_1_106' title='bbox 817 1400 944 1474; x_wconf 84' lang='grc' dir='ltr'><em>δοθείς·</em></span> <span class='ocrx_word' id='word_1_107' title='bbox 978 1403 1078 1481; x_wconf 81' lang='grc' dir='ltr'><em>λόγος</em></span> 
     </span>
     <span class='ocr_line' id='line_1_12' title="bbox 61 1503 1080 1592; baseline 0.002 -23"><span class='ocrx_word' id='word_1_108' title='bbox 61 1506 126 1592; x_wconf 78' lang='grc' dir='ltr'><em>ἄρα</em></span> <span class='ocrx_word' id='word_1_109' title='bbox 152 1503 208 1569; x_wconf 81' lang='grc' dir='ltr'><em>ιιοιὶ</em></span> <span class='ocrx_word' id='word_1_110' title='bbox 235 1514 293 1588; x_wconf 82' lang='grc' dir='ltr'><em>της</em></span> <span class='ocrx_word' id='word_1_111' title='bbox 321 1512 353 1569; x_wconf 98' lang='lat' dir='ltr'><em>A</em></span> <span class='ocrx_word' id='word_1_112' title='bbox 385 1506 469 1589; x_wconf 87' lang='grc' dir='ltr'><em>πρὸς</em></span> <span class='ocrx_word' id='word_1_113' title='bbox 496 1505 557 1587; x_wconf 83' lang='grc' dir='ltr'><em>τὴν</em></span> <span class='ocrx_word' id='word_1_114' title='bbox 586 1509 613 1568; x_wconf 91' lang='grc' dir='ltr'>Ζ</span> <span class='ocrx_word' id='word_1_115' title='bbox 645 1503 715 1568; x_wconf 82' lang='grc' dir='ltr'><em>ἐστι</em></span> <span class='ocrx_word' id='word_1_116' title='bbox 745 1505 868 1582; x_wconf 86' lang='grc' dir='ltr'><em>δοθείς.</em></span> <span class='ocrx_word' id='word_1_117' title='bbox 923 1503 978 1570; x_wconf 79' lang='grc' dir='ltr'><em>καὶ</em></span> <span class='ocrx_word' id='word_1_118' title='bbox 1007 1505 1080 1571; x_wconf 85' lang='grc' dir='ltr'><em>ε’πεί</em></span> 
     </span>
     <span class='ocr_line' id='line_1_13' title="bbox 62 1609 1077 1697; baseline 0.002 -22"><span class='ocrx_word' id='word_1_119' title='bbox 62 1610 167 1695; x_wconf 79' lang='grc' dir='ltr'><em>ἐστιν,</em></span> <span class='ocrx_word' id='word_1_120' title='bbox 191 1611 235 1687; x_wconf 83' lang='grc' dir='ltr'><em>ὡς</em></span> <span class='ocrx_word' id='word_1_121' title='bbox 260 1610 280 1693; x_wconf 80' lang='grc' dir='ltr'><em>ἡ</em></span> <span class='ocrx_word' id='word_1_122' title='bbox 305 1617 337 1675; x_wconf 87' lang='grc' dir='ltr'><em>Α</em></span> <span class='ocrx_word' id='word_1_123' title='bbox 359 1613 442 1697; x_wconf 88' lang='grc' dir='ltr'><em>πρὸς</em></span> <span class='ocrx_word' id='word_1_124' title='bbox 465 1612 525 1694; x_wconf 82' lang='grc' dir='ltr'><em>την</em></span> <span class='ocrx_word' id='word_1_125' title='bbox 549 1615 591 1693; x_wconf 88' lang='grc' dir='ltr'><em>Β,</em></span> <span class='ocrx_word' id='word_1_126' title='bbox 620 1611 725 1686; x_wconf 82' lang='grc' dir='ltr'><em>οὕτως</em></span> <span class='ocrx_word' id='word_1_127' title='bbox 747 1609 768 1692; x_wconf 78' lang='grc' dir='ltr'>ἡ</span> <span class='ocrx_word' id='word_1_128' title='bbox 793 1615 826 1674; x_wconf 94' lang='grc' dir='ltr'><em>Γ</em></span> <span class='ocrx_word' id='word_1_129' title='bbox 841 1612 925 1696; x_wconf 88' lang='grc' dir='ltr'><em>πρὸς</em></span> <span class='ocrx_word' id='word_1_130' title='bbox 947 1613 1008 1695; x_wconf 83' lang='grc' dir='ltr'><em>τὴν</em></span> <span class='ocrx_word' id='word_1_131' title='bbox 1032 1619 1077 1696; x_wconf 86' lang='grc' dir='ltr'><em>Δ,</em></span> 
     </span>
     <span class='ocr_line' id='line_1_14' title="bbox 60 1714 1076 1803; baseline 0.002 -22"><span class='ocrx_word' id='word_1_132' title='bbox 60 1714 189 1782; x_wconf 69' lang='grc' dir='ltr'><em>ἔστιδὲ</em></span> <span class='ocrx_word' id='word_1_133' title='bbox 211 1720 284 1801; x_wconf 81' lang='grc' dir='ltr'><em>καί,</em></span> <span class='ocrx_word' id='word_1_134' title='bbox 310 1718 355 1793; x_wconf 85' lang='grc' dir='ltr'><em>ὡς</em></span> <span class='ocrx_word' id='word_1_135' title='bbox 377 1716 397 1799; x_wconf 78' lang='grc' dir='ltr'><strong><em>η</em></strong></span> <span class='ocrx_word' id='word_1_136' title='bbox 422 1722 450 1780; x_wconf 89' lang='grc' dir='ltr'><strong><em>Β</em></strong></span> <span class='ocrx_word' id='word_1_137' title='bbox 473 1719 556 1803; x_wconf 85' lang='grc' dir='ltr'><em>πρὸς</em></span> <span class='ocrx_word' id='word_1_138' title='bbox 579 1719 639 1800; x_wconf 80' lang='grc' dir='ltr'><em>τὴν</em></span> <span class='ocrx_word' id='word_1_139' title='bbox 663 1721 706 1799; x_wconf 87' lang='grc' dir='ltr'><em>Ε,</em></span> <span class='ocrx_word' id='word_1_140' title='bbox 740 1717 846 1792; x_wconf 80' lang='grc' dir='ltr'><em>οὕτως</em></span> <span class='ocrx_word' id='word_1_141' title='bbox 876 1716 897 1799; x_wconf 79' lang='grc' dir='ltr'><em>η</em></span> <span class='ocrx_word' id='word_1_142' title='bbox 925 1723 959 1780; x_wconf 93' lang='lat' dir='ltr'><em>A</em></span> <span class='ocrx_word' id='word_1_143' title='bbox 991 1720 1076 1803; x_wconf 87' lang='grc' dir='ltr'><em>πρὸς</em></span> 
     </span>
    </p>

    <p class='ocr_par' dir='ltr' id='par_1_6' title="bbox 8 1821 1076 1909">
     <span class='ocr_line' id='line_1_15' title="bbox 8 1821 1076 1909; baseline 0.006 -26"><span class='ocrx_word' id='word_1_144' title='bbox 8 1832 40 1881; x_wconf 78' lang='lat'><em>15</em></span> <span class='ocrx_word' id='word_1_145' title='bbox 59 1825 120 1907; x_wconf 82' lang='grc' dir='ltr'><em>την</em></span> <span class='ocrx_word' id='word_1_146' title='bbox 141 1828 178 1906; x_wconf 90' lang='grc' dir='ltr'><em>Ζ,</em></span> <span class='ocrx_word' id='word_1_147' title='bbox 201 1821 247 1887; x_wconf 85' lang='grc' dir='ltr'><em>δι’</em></span> <span class='ocrx_word' id='word_1_148' title='bbox 269 1829 343 1888; x_wconf 81' lang='grc' dir='ltr'><em>λσου</em></span> <span class='ocrx_word' id='word_1_149' title='bbox 363 1825 427 1909; x_wconf 77' lang='grc' dir='ltr'><em>ἄρα</em></span> <span class='ocrx_word' id='word_1_150' title='bbox 447 1823 546 1906; x_wconf 84' lang='grc' dir='ltr'><em>ἐστίν,</em></span> <span class='ocrx_word' id='word_1_151' title='bbox 569 1823 614 1898; x_wconf 82' lang='grc' dir='ltr'><em>ὡς</em></span> <span class='ocrx_word' id='word_1_152' title='bbox 634 1822 654 1904; x_wconf 81' lang='grc' dir='ltr'><em>ἡ</em></span> <span class='ocrx_word' id='word_1_153' title='bbox 674 1829 706 1887; x_wconf 92' lang='grc' dir='ltr'><em>Α</em></span> <span class='ocrx_word' id='word_1_154' title='bbox 728 1824 812 1908; x_wconf 87' lang='grc' dir='ltr'><em>πρὸς</em></span> <span class='ocrx_word' id='word_1_155' title='bbox 830 1824 891 1906; x_wconf 83' lang='grc' dir='ltr'><em>τὴν</em></span> <span class='ocrx_word' id='word_1_156' title='bbox 909 1827 948 1906; x_wconf 86' lang='grc' dir='ltr'><em>Ε,</em></span> <span class='ocrx_word' id='word_1_157' title='bbox 968 1824 1076 1902; x_wconf 79' lang='grc' dir='ltr'><em>οὕτως</em></span> 
     </span>
    </p>
   </div>
   <div class='ocr_carea' id='block_1_3' title="bbox 59 1925 1075 2121">
    <p class='ocr_par' dir='ltr' id='par_1_7' title="bbox 59 1925 1075 2121">
     <span class='ocr_line' id='line_1_16' title="bbox 59 1925 1074 2015; baseline 0.003 -23"><span class='ocrx_word' id='word_1_158' title='bbox 59 1928 79 2011; x_wconf 82' lang='grc' dir='ltr'><em>ἡ</em></span> <span class='ocrx_word' id='word_1_159' title='bbox 105 1933 138 1992; x_wconf 94' lang='grc' dir='ltr'><em>Γ</em></span> <span class='ocrx_word' id='word_1_160' title='bbox 159 1930 242 2015; x_wconf 86' lang='grc' dir='ltr'><em>πρὸς</em></span> <span class='ocrx_word' id='word_1_161' title='bbox 269 1931 330 2012; x_wconf 81' lang='grc' dir='ltr'><em>την</em></span> <span class='ocrx_word' id='word_1_162' title='bbox 355 1933 391 1992; x_wconf 92' lang='grc' dir='ltr'><em>Ζ.</em></span> <span class='ocrx_word' id='word_1_163' title='bbox 437 1933 495 1992; x_wconf 85' lang='grc' dir='ltr'><em>καί</em></span> <span class='ocrx_word' id='word_1_164' title='bbox 517 1928 606 1993; x_wconf 82' lang='grc' dir='ltr'><em>ἐστιν</em></span> <span class='ocrx_word' id='word_1_165' title='bbox 634 1927 654 2011; x_wconf 80' lang='grc' dir='ltr'><em>ἡ</em></span> <span class='ocrx_word' id='word_1_166' title='bbox 682 1925 743 2012; x_wconf 74' lang='grc' dir='ltr'><em>μέν</em></span> <span class='ocrx_word' id='word_1_167' title='bbox 766 1933 798 1992; x_wconf 86' lang='grc' dir='ltr'><em>Ε</em></span> <span class='ocrx_word' id='word_1_168' title='bbox 823 1930 906 2014; x_wconf 88' lang='grc' dir='ltr'><em>πρὸς</em></span> <span class='ocrx_word' id='word_1_169' title='bbox 933 1929 976 2012; x_wconf 77' lang='grc' dir='ltr'><em>ἣν</em></span> <span class='ocrx_word' id='word_1_170' title='bbox 1000 1930 1020 2013; x_wconf 80' lang='grc' dir='ltr'><em>ἡ</em></span> <span class='ocrx_word' id='word_1_171' title='bbox 1045 1936 1074 1995; x_wconf 89' lang='grc' dir='ltr'><strong><em>Β</em></strong></span> 
     </span>
     <span class='ocr_line' id='line_1_17' title="bbox 59 2032 1075 2121; baseline 0.003 -23"><span class='ocrx_word' id='word_1_172' title='bbox 59 2037 161 2117; x_wconf 83' lang='grc' dir='ltr'><em>λόγον</em></span> <span class='ocrx_word' id='word_1_173' title='bbox 188 2038 253 2119; x_wconf 80' lang='grc' dir='ltr'><em>ἔχει</em></span> <span class='ocrx_word' id='word_1_174' title='bbox 280 2032 475 2120; x_wconf 82' lang='grc' dir='ltr'><em>δεδομένον,</em></span> <span class='ocrx_word' id='word_1_175' title='bbox 507 2035 527 2116; x_wconf 81' lang='grc' dir='ltr'><em>ἡ</em></span> <span class='ocrx_word' id='word_1_176' title='bbox 555 2032 592 2099; x_wconf 75' lang='grc' dir='ltr'><em>δέ</em></span> <span class='ocrx_word' id='word_1_177' title='bbox 622 2039 649 2098; x_wconf 90' lang='grc' dir='ltr'>Ζ</span> <span class='ocrx_word' id='word_1_178' title='bbox 676 2036 759 2121; x_wconf 89' lang='grc' dir='ltr'><em>πρὸς</em></span> <span class='ocrx_word' id='word_1_179' title='bbox 787 2034 830 2117; x_wconf 77' lang='grc' dir='ltr'><em>ἣν</em></span> <span class='ocrx_word' id='word_1_180' title='bbox 857 2034 877 2117; x_wconf 82' lang='grc' dir='ltr'><strong><em>η</em></strong></span> <span class='ocrx_word' id='word_1_181' title='bbox 902 2041 948 2099; x_wconf 87' lang='lat' dir='ltr'><em>A·</em></span> <span class='ocrx_word' id='word_1_182' title='bbox 982 2039 1075 2101; x_wconf 83' lang='grc' dir='ltr'><em>ἔστιν</em></span> 
     </span>
    </p>
   </div>
   <div class='ocr_carea' id='block_1_4' title="bbox 59 2137 1076 2332">
    <p class='ocr_par' dir='ltr' id='par_1_8' title="bbox 59 2137 1076 2332">
     <span class='ocr_line' id='line_1_18' title="bbox 59 2137 1076 2226; baseline 0.003 -22"><span class='ocrx_word' id='word_1_183' title='bbox 59 2142 124 2226; x_wconf 77' lang='grc' dir='ltr'><em>ἄρα</em></span> <span class='ocrx_word' id='word_1_184' title='bbox 144 2141 188 2217; x_wconf 83' lang='grc' dir='ltr'><em>ὡς</em></span> <span class='ocrx_word' id='word_1_185' title='bbox 206 2141 226 2222; x_wconf 82' lang='grc' dir='ltr'><em>ἡ</em></span> <span class='ocrx_word' id='word_1_186' title='bbox 242 2148 274 2206; x_wconf 93' lang='grc' dir='ltr'><em>Α</em></span> <span class='ocrx_word' id='word_1_187' title='bbox 296 2143 379 2226; x_wconf 86' lang='grc' dir='ltr'><em>πρὸς</em></span> <span class='ocrx_word' id='word_1_188' title='bbox 397 2142 440 2224; x_wconf 77' lang='grc' dir='ltr'><em>ἣν</em></span> <span class='ocrx_word' id='word_1_189' title='bbox 458 2140 478 2223; x_wconf 79' lang='grc' dir='ltr'><strong><em>η</em></strong></span> <span class='ocrx_word' id='word_1_190' title='bbox 494 2144 523 2204; x_wconf 91' lang='grc' dir='ltr'><strong><em>Β</em></strong></span> <span class='ocrx_word' id='word_1_191' title='bbox 547 2144 647 2223; x_wconf 81' lang='grc' dir='ltr'><em>λόγον</em></span> <span class='ocrx_word' id='word_1_192' title='bbox 667 2143 732 2225; x_wconf 78' lang='grc' dir='ltr'><em>ἔχει</em></span> <span class='ocrx_word' id='word_1_193' title='bbox 752 2137 942 2224; x_wconf 78' lang='grc' dir='ltr'><em>δεδομένον,</em></span> <span class='ocrx_word' id='word_1_194' title='bbox 967 2143 1076 2218; x_wconf 82' lang='grc' dir='ltr'><em>οὕτως</em></span> 
     </span>
     <span class='ocr_line' id='line_1_19' title="bbox 59 2245 828 2332; baseline 0 -22"><span class='ocrx_word' id='word_1_195' title='bbox 59 2246 79 2328; x_wconf 81' lang='grc' dir='ltr'><em>ἡ</em></span> <span class='ocrx_word' id='word_1_196' title='bbox 106 2249 138 2310; x_wconf 90' lang='grc' dir='ltr'>Γ</span> <span class='ocrx_word' id='word_1_197' title='bbox 155 2249 238 2332; x_wconf 85' lang='grc' dir='ltr'><em>πρὸς</em></span> <span class='ocrx_word' id='word_1_198' title='bbox 260 2247 302 2328; x_wconf 76' lang='grc' dir='ltr'><em>ἣν</em></span> <span class='ocrx_word' id='word_1_199' title='bbox 325 2246 345 2328; x_wconf 80' lang='grc' dir='ltr'><em>ἡ</em></span> <span class='ocrx_word' id='word_1_200' title='bbox 370 2253 403 2311; x_wconf 95' lang='lat' dir='ltr'><em>A</em></span> <span class='ocrx_word' id='word_1_201' title='bbox 427 2249 528 2328; x_wconf 82' lang='grc' dir='ltr'><em>λόγον</em></span> <span class='ocrx_word' id='word_1_202' title='bbox 551 2249 616 2331; x_wconf 82' lang='grc' dir='ltr'><em>ἔχει</em></span> <span class='ocrx_word' id='word_1_203' title='bbox 639 2245 828 2330; x_wconf 87' lang='grc' dir='ltr'><em>δεδομένον.</em></span> 
     </span>
    </p>
   </div>
   <div class='ocr_carea' id='block_1_5' title="bbox 5 2439 598 2522">
    <p class='ocr_par' dir='ltr' id='par_1_9' title="bbox 5 2439 598 2522">
     <span class='ocr_line' id='line_1_20' title="bbox 5 2439 598 2522; baseline 0.01 -23"><span class='ocrx_word' id='word_1_204' title='bbox 5 2452 39 2500; x_wconf 80' lang='lat'><em>20</em></span> <span class='ocrx_word' id='word_1_205' title='bbox 531 2439 598 2522; x_wconf 83' lang='grc' dir='ltr'><em>πγ’.</em></span> 
     </span>
    </p>
   </div>
   <div class='ocr_carea' id='block_1_6' title="bbox 56 2561 1072 2864">
    <p class='ocr_par' dir='ltr' id='par_1_10' title="bbox 56 2561 1072 2864">
     <span class='ocr_line' id='line_1_21' title="bbox 124 2561 1072 2652; baseline 0.004 -25"><span class='ocrx_word' id='word_1_206' title='bbox 124 2561 201 2628; x_wconf 80' lang='grc' dir='ltr'><em>Ἐὰν</em></span> <span class='ocrx_word' id='word_1_207' title='bbox 228 2563 383 2651; x_wconf 85' lang='grc' dir='ltr'><em>τέσσαρες</em></span> <span class='ocrx_word' id='word_1_208' title='bbox 406 2565 535 2630; x_wconf 83' lang='grc' dir='ltr'><em>εὐθεῖαι</em></span> <span class='ocrx_word' id='word_1_209' title='bbox 558 2565 664 2640; x_wconf 81' lang='grc' dir='ltr'><em>οὕτως</em></span> <span class='ocrx_word' id='word_1_210' title='bbox 687 2567 785 2650; x_wconf 80' lang='grc' dir='ltr'><em>ἔχωσι</em></span> <span class='ocrx_word' id='word_1_211' title='bbox 812 2567 894 2652; x_wconf 87' lang='grc' dir='ltr'><em>πρὸς</em></span> <span class='ocrx_word' id='word_1_212' title='bbox 918 2565 1072 2651; x_wconf 79' lang='grc' dir='ltr'><em>ἀλλήλας,</em></span> 
     </span>
     <span class='ocr_line' id='line_1_22' title="bbox 58 2669 1072 2755; baseline 0.005 -24"><span class='ocrx_word' id='word_1_213' title='bbox 58 2669 141 2732; x_wconf 82' lang='grc' dir='ltr'><em>ὥστε</em></span> <span class='ocrx_word' id='word_1_214' title='bbox 169 2680 272 2755; x_wconf 81' lang='grc' dir='ltr'><strong><em>τριῶν</em></strong></span> <span class='ocrx_word' id='word_1_215' title='bbox 300 2675 492 2754; x_wconf 75' lang='grc' dir='ltr'><em>ληφθεισῶν</em></span> <span class='ocrx_word' id='word_1_216' title='bbox 523 2669 555 2748; x_wconf 82' lang='grc' dir='ltr'><em>ἐξ</em></span> <span class='ocrx_word' id='word_1_217' title='bbox 583 2671 694 2736; x_wconf 83' lang='grc' dir='ltr'><em>αὐτῶν</em></span> <span class='ocrx_word' id='word_1_218' title='bbox 722 2671 911 2742; x_wconf 80' lang='grc' dir='ltr'><em>ὁποιωνοῦν</em></span> <span class='ocrx_word' id='word_1_219' title='bbox 937 2670 993 2736; x_wconf 83' lang='grc' dir='ltr'><em>καὶ</em></span> <span class='ocrx_word' id='word_1_220' title='bbox 1021 2695 1072 2736; x_wconf 87' lang='grc' dir='ltr'><em>τε-</em></span> 
     </span>
     <span class='ocr_line' id='line_1_23' title="bbox 56 2774 1071 2864; baseline 0.005 -25"><span class='ocrx_word' id='word_1_221' title='bbox 56 2774 177 2861; x_wconf 83' lang='grc' dir='ltr'><strong><em>τάρτης</em></strong></span> <span class='ocrx_word' id='word_1_222' title='bbox 209 2776 325 2854; x_wconf 80' lang='grc' dir='ltr'><em>αὐτοῖς</em></span> <span class='ocrx_word' id='word_1_223' title='bbox 356 2781 628 2862; x_wconf 79' lang='grc' dir='ltr'><em>προσληφθείσης</em></span> <span class='ocrx_word' id='word_1_224' title='bbox 656 2775 835 2861; x_wconf 77' lang='grc' dir='ltr'><em>ἀνάλογον,</em></span> <span class='ocrx_word' id='word_1_225' title='bbox 869 2779 952 2864; x_wconf 89' lang='grc' dir='ltr'><em>πρὸς</em></span> <span class='ocrx_word' id='word_1_226' title='bbox 979 2778 1023 2861; x_wconf 74' lang='grc' dir='ltr'><em>ἣν</em></span> <span class='ocrx_word' id='word_1_227' title='bbox 1049 2777 1071 2861; x_wconf 83' lang='grc' dir='ltr'><em>ἡ</em></span> 
     </span>
    </p>
   </div>
   <div class='ocr_carea' id='block_1_7' title="bbox 54 2968 1070 3482">
    <p class='ocr_par' dir='ltr' id='par_1_11' title="bbox 129 2968 1070 3039">
     <span class='ocr_line' id='line_1_24' title="bbox 129 2968 1070 3039; baseline 0.003 -17"><span class='ocrx_word' id='word_1_228' title='bbox 129 2974 153 3021; x_wconf 78' lang='lat'><em>2.</em></span> <span class='ocrx_word' id='word_1_229' title='bbox 178 2969 226 3039; x_wconf 87' lang='grc' dir='ltr'><em>ὡς]</em></span> <span class='ocrx_word' id='word_1_230' title='bbox 246 2985 298 3022; x_wconf 87' lang='lat' dir='ltr'><em>om.</em></span> <span class='ocrx_word' id='word_1_231' title='bbox 319 2968 337 3021; x_wconf 93' lang='lat' dir='ltr'>b</span> <span class='ocrx_word' id='word_1_232' title='bbox 358 2971 424 3037; x_wconf 87' lang='lat' dir='ltr'>(non</span> <span class='ocrx_word' id='word_1_233' title='bbox 443 2970 478 3039; x_wconf 83' lang='grc' dir='ltr'><em>β),</em></span> <span class='ocrx_word' id='word_1_234' title='bbox 570 2975 594 3022; x_wconf 87' lang='grc'><em>3.</em></span> <span class='ocrx_word' id='word_1_235' title='bbox 618 2969 724 3039; x_wconf 82' lang='grc' dir='ltr'><em>πρώτη]</em></span> <span class='ocrx_word' id='word_1_236' title='bbox 745 2985 812 3023; x_wconf 88' lang='lat' dir='ltr'>corr.</span> <span class='ocrx_word' id='word_1_237' title='bbox 833 2984 868 3022; x_wconf 83' lang='lat' dir='ltr'><em>ex</em></span> <span class='ocrx_word' id='word_1_238' title='bbox 889 2976 938 3023; x_wconf 75' lang='grc' dir='ltr'><em>τοῦ</em></span> <span class='ocrx_word' id='word_1_239' title='bbox 951 2971 1070 3038; x_wconf 78' lang='grc' dir='ltr'><em>,πρώτον</em></span> 
     </span>
    </p>

    <p class='ocr_par' dir='ltr' id='par_1_12' title="bbox 54 3036 1069 3482">
     <span class='ocr_line' id='line_1_25' title="bbox 55 3036 1069 3111; baseline 0.004 -19"><span class='ocrx_word' id='word_1_240' title='bbox 55 3057 92 3094; x_wconf 91' lang='lat' dir='ltr'><em>m.</em></span> <span class='ocrx_word' id='word_1_241' title='bbox 114 3045 129 3092; x_wconf 77' lang='lat'><strong>2</strong></span> <span class='ocrx_word' id='word_1_242' title='bbox 148 3057 173 3092; x_wconf 87' lang='lat' dir='ltr'><em>v.</em></span> <span class='ocrx_word' id='word_1_243' title='bbox 260 3039 329 3108; x_wconf 87' lang='grc' dir='ltr'><em>πρὸς</em></span> <span class='ocrx_word' id='word_1_244' title='bbox 347 3040 399 3109; x_wconf 79' lang='grc' dir='ltr'><em>τὴν</em></span> <span class='ocrx_word' id='word_1_245' title='bbox 418 3036 552 3107; x_wconf 81' lang='grc' dir='ltr'><em>δευτέραν</em></span> <span class='ocrx_word' id='word_1_246' title='bbox 571 3039 598 3094; x_wconf 87' lang='lat' dir='ltr'><em>b.</em></span> <span class='ocrx_word' id='word_1_247' title='bbox 685 3045 709 3092; x_wconf 81' lang='lat'><em>4.</em></span> <span class='ocrx_word' id='word_1_248' title='bbox 731 3040 801 3107; x_wconf 85' lang='grc' dir='ltr'><em>πρὸς</em></span> <span class='ocrx_word' id='word_1_249' title='bbox 819 3040 870 3110; x_wconf 83' lang='grc' dir='ltr'><em>τὴν</em></span> <span class='ocrx_word' id='word_1_250' title='bbox 889 3038 1023 3111; x_wconf 77' lang='grc' dir='ltr'><em>τετάρτην</em></span> <span class='ocrx_word' id='word_1_251' title='bbox 1041 3041 1069 3096; x_wconf 93' lang='lat' dir='ltr'><em>b.</em></span> 
     </span>
     <span class='ocr_line' id='line_1_26' title="bbox 93 3107 1069 3185; baseline 0.006 -23"><span class='ocrx_word' id='word_1_252' title='bbox 93 3115 116 3163; x_wconf 85' lang='lat'><em>5.</em></span> <span class='ocrx_word' id='word_1_253' title='bbox 139 3109 204 3164; x_wconf 76' lang='grc' dir='ltr'><em>ἔστω</em></span> <span class='ocrx_word' id='word_1_254' title='bbox 224 3129 272 3164; x_wconf 88' lang='lat' dir='ltr'><em>v..</em></span> <span class='ocrx_word' id='word_1_255' title='bbox 332 3109 474 3181; x_wconf 75' lang='grc' dir='ltr'><em>ἀνάλογον</em></span> <span class='ocrx_word' id='word_1_256' title='bbox 494 3107 576 3166; x_wconf 73' lang='grc' dir='ltr'><em>οὖσαι</em></span> <span class='ocrx_word' id='word_1_257' title='bbox 593 3112 621 3167; x_wconf 94' lang='lat' dir='ltr'><em>b.</em></span> <span class='ocrx_word' id='word_1_258' title='bbox 704 3119 727 3166; x_wconf 77' lang='lat'><em>7.</em></span> <span class='ocrx_word' id='word_1_259' title='bbox 748 3109 834 3183; x_wconf 82' lang='grc' dir='ltr'><em>ἐστίν]</em></span> <span class='ocrx_word' id='word_1_260' title='bbox 854 3109 903 3166; x_wconf 83' lang='grc' dir='ltr'><em>καί</em></span> <span class='ocrx_word' id='word_1_261' title='bbox 921 3130 946 3165; x_wconf 89' lang='lat' dir='ltr'><em>v.</em></span> <span class='ocrx_word' id='word_1_262' title='bbox 1020 3111 1069 3185; x_wconf 79' lang='grc' dir='ltr'><em>ἥν]</em></span> 
     </span>
     <span class='ocr_line' id='line_1_27' title="bbox 55 3188 1069 3274; baseline 0.004 -24"><span class='ocrx_word' id='word_1_263' title='bbox 55 3218 72 3266; x_wconf 96' lang='grc' dir='ltr'><em>η</em></span> <span class='ocrx_word' id='word_1_264' title='bbox 92 3197 119 3252; x_wconf 88' lang='lat' dir='ltr'><em>b.</em></span> <span class='ocrx_word' id='word_1_265' title='bbox 193 3204 216 3252; x_wconf 91' lang='lat'><em>8.</em></span> <span class='ocrx_word' id='word_1_266' title='bbox 236 3196 272 3266; x_wconf 83' lang='grc' dir='ltr'><em>ἣν</em></span> <span class='ocrx_word' id='word_1_267' title='bbox 290 3198 308 3267; x_wconf 79' lang='grc' dir='ltr'>ἡ</span> <span class='ocrx_word' id='word_1_268' title='bbox 327 3199 365 3269; x_wconf 93' lang='lat' dir='ltr'><em>A]</em></span> <span class='ocrx_word' id='word_1_269' title='bbox 383 3199 435 3268; x_wconf 81' lang='grc' dir='ltr'><em>τὴν</em></span> <span class='ocrx_word' id='word_1_270' title='bbox 454 3188 491 3268; x_wconf 67' lang='grc' dir='ltr'><em>η-δ</em></span> <span class='ocrx_word' id='word_1_271' title='bbox 509 3200 536 3254; x_wconf 91' lang='lat' dir='ltr'><em>b.</em></span> <span class='ocrx_word' id='word_1_272' title='bbox 606 3205 629 3253; x_wconf 85' lang='lat'><em>9.</em></span> <span class='ocrx_word' id='word_1_273' title='bbox 649 3199 666 3268; x_wconf 80' lang='grc' dir='ltr'>ὴ</span> <span class='ocrx_word' id='word_1_274' title='bbox 687 3204 708 3253; x_wconf 91' lang='grc' dir='ltr'><strong><em>Β</em></strong></span> <span class='ocrx_word' id='word_1_275' title='bbox 727 3200 797 3269; x_wconf 82' lang='grc' dir='ltr'><em>πρὸς</em></span> <span class='ocrx_word' id='word_1_276' title='bbox 814 3199 850 3269; x_wconf 73' lang='grc' dir='ltr'><em>ἦν</em></span> <span class='ocrx_word' id='word_1_277' title='bbox 869 3199 895 3254; x_wconf 92' lang='lat' dir='ltr'><em>b.</em></span> <span class='ocrx_word' id='word_1_278' title='bbox 952 3199 1069 3274; x_wconf 63' lang='grc' dir='ltr'><em>ἡ(σ1ῢ.)]</em></span> 
     </span>
     <span class='ocr_line' id='line_1_28' title="bbox 54 3268 1069 3412; baseline 0.005 -21"><span class='ocrx_word' id='word_1_279' title='bbox 54 3268 133 3393; x_wconf 61' lang='grc' dir='ltr'><em>δδιδ</em></span> <span class='ocrx_word' id='word_1_280' title='bbox 153 3358 171 3392; x_wconf 87' lang='lat' dir='ltr'><strong>v</strong></span> <span class='ocrx_word' id='word_1_281' title='bbox 200 3275 241 3324; x_wconf 58' lang='lat'><em>12&#39;</em></span> <span class='ocrx_word' id='word_1_282' title='bbox 262 3268 496 3411; x_wconf 48' lang='lat' dir='ltr'><em>gf{⁶]12¹]n&#39;avsst&#39;’</em></span> <span class='ocrx_word' id='word_1_283' title='bbox 518 3270 592 3395; x_wconf 50' lang='grc' dir='ltr'><em>ἐπιδ</em></span> <span class='ocrx_word' id='word_1_284' title='bbox 610 3289 644 3380; x_wconf 59' lang='lat' dir='ltr'><em>Vss</em></span> <span class='ocrx_word' id='word_1_285' title='bbox 664 3268 846 3412; x_wconf 48' lang='grc' dir='ltr'><em>ιτκαιίιδὸδδδδ</em></span> <span class='ocrx_word' id='word_1_286' title='bbox 861 3276 1069 3412; x_wconf 59' lang='grc' dir='ltr'><em>λδοδεχπδδ</em></span> 
     </span>
     <span class='ocr_line' id='line_1_29' title="bbox 55 3362 1069 3482; baseline 0.006 -20"><span class='ocrx_word' id='word_1_287' title='bbox 55 3408 125 3476; x_wconf 87' lang='grc' dir='ltr'><em>πρὸς</em></span> <span class='ocrx_word' id='word_1_288' title='bbox 142 3383 194 3479; x_wconf 80' lang='grc' dir='ltr'><em>τὴν</em></span> <span class='ocrx_word' id='word_1_289' title='bbox 214 3416 247 3463; x_wconf 91' lang='grc' dir='ltr'><em>Β·</em></span> <span class='ocrx_word' id='word_1_290' title='bbox 271 3411 289 3479; x_wconf 76' lang='grc' dir='ltr'>ἡ</span> <span class='ocrx_word' id='word_1_291' title='bbox 308 3383 340 3464; x_wconf 74' lang='grc' dir='ltr'><em>δὲ</em></span> <span class='ocrx_word' id='word_1_292' title='bbox 363 3415 420 3465; x_wconf 89' lang='grc' dir='ltr'><em>ΖΗ</em></span> <span class='ocrx_word' id='word_1_293' title='bbox 435 3386 518 3482; x_wconf 74' lang='grc' dir='ltr'><em>λόηον</em></span> <span class='ocrx_word' id='word_1_294' title='bbox 539 3411 638 3482; x_wconf 78' lang='grc' dir='ltr'><em>έχονσοι</em></span> <span class='ocrx_word' id='word_1_295' title='bbox 657 3383 727 3480; x_wconf 85' lang='grc' dir='ltr'><em>πρδς</em></span> <span class='ocrx_word' id='word_1_296' title='bbox 744 3412 796 3481; x_wconf 82' lang='grc' dir='ltr'><em>τὴν</em></span> <span class='ocrx_word' id='word_1_297' title='bbox 815 3419 841 3466; x_wconf 88' lang='lat' dir='ltr'><em>A</em></span> <span class='ocrx_word' id='word_1_298' title='bbox 859 3362 910 3467; x_wconf 62' lang='lat' dir='ltr'><em>b.⁷</em></span> <span class='ocrx_word' id='word_1_299' title='bbox 969 3417 1011 3467; x_wconf 80' lang='lat'><em>17.</em></span> <span class='ocrx_word' id='word_1_300' title='bbox 1031 3410 1069 3480; x_wconf 81' lang='grc' dir='ltr'><em>ἣν</em></span> 
     </span>
    </p>
   </div>
   <div class='ocr_carea' id='block_1_8' title="bbox 62 3477 69 3496">
    <p class='ocr_par' dir='ltr' id='par_1_13' title="bbox 62 3477 69 3496">
     <span class='ocr_line' id='line_1_30' title="bbox 62 3477 69 3496; baseline 0 0"><span class='ocrx_word' id='word_1_301' title='bbox 62 3477 69 3496; x_wconf 66' lang='lat' dir='ltr'>t</span> 
     </span>
    </p>
   </div>
   <div class='ocr_carea' id='block_1_9' title="bbox 54 3478 1068 3554">
    <p class='ocr_par' dir='ltr' id='par_1_14' title="bbox 54 3478 1068 3554">
     <span class='ocr_line' id='line_1_31' title="bbox 54 3478 1068 3554; baseline 0.008 -24"><span class='ocrx_word' id='word_1_302' title='bbox 54 3479 85 3549; x_wconf 90' lang='grc' dir='ltr'><em>η]</em></span> <span class='ocrx_word' id='word_1_303' title='bbox 105 3478 156 3547; x_wconf 85' lang='grc' dir='ltr'><em>τήν</em></span> <span class='ocrx_word' id='word_1_304' title='bbox 175 3480 207 3549; x_wconf 82' lang='lat' dir='ltr'><em>b,</em></span> <span class='ocrx_word' id='word_1_305' title='bbox 233 3480 302 3534; x_wconf 78' lang='lat' dir='ltr'><strong>item</strong></span> <span class='ocrx_word' id='word_1_306' title='bbox 320 3479 368 3535; x_wconf 90' lang='lat' dir='ltr'>lin.</span> <span class='ocrx_word' id='word_1_307' title='bbox 391 3486 431 3535; x_wconf 88' lang='lat'><em>18.</em></span> <span class='ocrx_word' id='word_1_308' title='bbox 523 3488 565 3536; x_wconf 75' lang='lat'><em>21.</em></span> <span class='ocrx_word' id='word_1_309' title='bbox 591 3481 687 3552; x_wconf 70' lang='grc' dir='ltr'><em>ἔχωσιν</em></span> <span class='ocrx_word' id='word_1_310' title='bbox 706 3482 780 3553; x_wconf 58' lang='grc' dir='ltr'><em>Βοὴ,</em></span> <span class='ocrx_word' id='word_1_311' title='bbox 805 3482 897 3554; x_wconf 82' lang='grc' dir='ltr'><em>ἔχοντι</em></span> <span class='ocrx_word' id='word_1_312' title='bbox 915 3483 940 3554; x_wconf 80' lang='grc' dir='ltr'><em>β.</em></span> <span class='ocrx_word' id='word_1_313' title='bbox 1024 3489 1068 3538; x_wconf 74' lang='lat'><em>22.</em></span> 
     </span>
    </p>
   </div>
   <div class='ocr_carea' id='block_1_10' title="bbox 0 0 1204 3840">
    <p class='ocr_par' dir='ltr' id='par_1_15' title="bbox 0 0 1204 3840">
     <span class='ocr_line' id='line_1_32' title="bbox 0 0 1204 3840; baseline 0 4"><span class='ocrx_word' id='word_1_314' title='bbox 0 0 1204 3840; x_wconf 95' lang='lat' dir='ltr'><em> </em></span> 
     </span>
    </p>
   </div>
  </div>
 </body>
</html>
