2400 3840
118 146 164 208 30
506 146 711 198 AEAOMENA.
802 198 807 209 ,

121 292 187 353 ΑΒ
212 289 295 374 πρὸς
312 289 350 352 τὸ
369 288 430 352 ΓΔ
454 289 581 363 δοθείς·
605 290 703 368 λόγος
720 290 786 372 ἄρα
807 286 862 361 καὶ
880 296 941 352 τοῦ
960 292 1037 353 ΑΗ
1054 290 1145 375 πρὸς

123 395 161 458 τὸ
177 397 239 458 ΓΖ
258 395 386 470 δοθείς·
410 389 515 458 δοθὲν
533 390 570 457 δὲ
586 394 623 457 τὸ
639 396 713 458 ΓΖ·
738 389 842 458 δοθὲν
856 395 920 480 ἅμα
933 393 989 458 καὶ
1003 396 1041 459 τὸ
1057 399 1145 459 ΑΗ.

124 504 194 565 ἔστι
223 497 259 564 δὲ
286 498 342 565 ιιιιὶ
369 502 407 565 τὸ
434 505 504 564 ΑΕ
529 499 646 564 δοθέν·
683 499 738 564 καὶ
766 501 884 564 λοιπὸν
910 501 975 584 ὅροι
1002 502 1040 564 τὸ
1069 505 1146 565 ΕΗ

52 602 60 615 ’
122 603 227 670 δοθέν
251 603 349 670 ἐστιν.
386 605 442 670 καὶ
465 604 534 670 ἐπεὶ
557 606 602 682 ὡς
624 608 661 671 τὸ
680 610 745 669 AB
769 607 852 690 πρὸς
873 607 912 669 τὸ
936 608 1008 689 ΓΔ,
1032 605 1143 682 οὕτως

84 726 100 773 5
119 713 156 775 τὸ
176 714 252 775 ΛΗ
270 713 354 796 πρὸς
371 713 409 776 τὸ
429 714 502 795 ΓΖ,
526 717 644 776 λοιποῦ
663 712 728 796 ὅροι
746 720 805 775 τοῦ
825 714 893 774 ΗΒ
916 713 1000 797 πρὸς
1019 714 1142 777 λοιπὸν

119 821 157 882 τὸ
183 823 249 881 ΖΔ
282 820 380 899 λόγος
408 815 477 882 ἐστὶ
504 819 627 892 δοθείς.
682 820 740 881 καί
765 817 833 881 ἐστι
857 813 961 881 δοθὲν
988 818 1027 882 τὸ
1051 822 1139 883 ΕΗ·

120 927 157 988 τὸ
181 929 245 989 ΕΒ
270 926 334 1009 ὅροι
359 932 419 988 τοῦ
444 928 506 986 ΖΔ
528 922 665 987 δοθέντι
687 925 798 1014 μεῖζόν
822 922 912 988 ἐστιν
935 922 955 1005 ὅ]
979 922 1017 988 έν
1040 928 1143 1012 λόγῳ.

599 1177 653 1222 ις.

185 1275 261 1341 Ἐόιν
279 1278 341 1340 δύο
360 1276 484 1364 μεγέθη
503 1278 586 1363 πρὸς
603 1279 728 1359 ἄλληλα
748 1280 849 1359 λόγον
868 1281 923 1362 ἔχῃ
943 1277 1142 1362 δεδομένον,

68 1397 102 1444 10
120 1382 176 1447 καὶ
200 1382 264 1446 ιἰπὸ
287 1380 347 1467 μὲν
370 1393 430 1448 τοῦ
454 1381 528 1459 ἑνὸς
548 1383 659 1447 αὐτῶν
677 1380 858 1467 δεδομένον
876 1383 1017 1467 μέγεθος
1037 1383 1138 1468 ἀφαι-

122 1495 217 1575 ρεθῇ,
236 1498 280 1576 τῷ
301 1488 338 1553 δὲ
356 1486 454 1576 ἑτέρῳ
474 1488 585 1552 αὐτῶν
604 1489 784 1573 δεδομένον
800 1488 941 1573 μέγεθος
954 1497 1140 1576 προστεθῇ,

123 1597 161 1660 τὸ
186 1596 265 1660 ὅλον
293 1604 353 1659 τοῦ
376 1600 494 1659 λοιποῦ
523 1593 659 1659 δοθέντι
682 1599 793 1678 μεῖζον
816 1598 905 1659 ἔσται
932 1594 953 1677 ν]
977 1595 1013 1660 έν
1037 1599 1140 1684 λόγῳ.

187 1703 249 1766 δύο
282 1703 345 1787 γὰρ
378 1692 502 1785 μεγέθη
530 1702 570 1765 τὰ
595 1705 676 1784 ΑΒ,
696 1704 757 1765 ΓΛ
784 1704 885 1783 λόγον
914 1699 1010 1785 έχέτω
1041 1703 1138 1767 δεδο-

120 1805 236 1891 μένον,
264 1805 319 1871 κοιὶ
343 1806 406 1872 ἀπὸ
429 1803 490 1891 μὲν
513 1815 572 1871 τοῦ
597 1809 658 1871 ΓΔ
681 1805 861 1890 δεδομένον
883 1806 1026 1891 μέγεθος
1049 1807 1137 1893 ἀφῃ-

66 1926 101 1974 15
121 1915 238 1999 μήσθω
262 1914 299 1978 τὸ
324 1916 400 1996 ΓΕ,
431 1923 478 2001 τῷ
506 1910 543 1978 δὲ
565 1917 630 1977 AB
660 1912 841 1996 δεδομένον
868 1912 1009 1997 μέγεθος
1031 1932 1137 1996 προσ-

119 2022 245 2084 κείσθω
274 2021 310 2083 τὸ
335 2024 408 2084 ΖΑ.
459 2018 557 2103 λέγω,
590 2020 640 2084 ὅτι
668 2018 748 2084 ὅλον
771 2020 807 2083 τὸ
838 2024 898 2083 ΖΒ
927 2028 986 2083 τοῦ
1013 2025 1138 2086 λοιποῦ

119 2135 179 2190 τοῦ
202 2131 271 2190 ΕΔ
294 2123 430 2189 δοθέντι
453 2128 562 2209 μεῖζόν
586 2124 676 2189 ἐστιν
698 2124 719 2207 ι]
742 2124 778 2189 έν
801 2127 898 2212 λόγῳ.

186 2230 255 2296 ἐπεὶ
282 2232 345 2316 γὰρ
374 2232 472 2311 λόγος
500 2227 568 2294 ἐστὶ
595 2240 655 2294 τοῦ
678 2235 744 2294 AB
767 2231 850 2316 πρὸς
874 2234 935 2295 ΓΔ
958 2232 1088 2317 δοθεές,
1117 2235 1138 2300 ὅ

119 2338 220 2413 αὐτὸς
247 2336 336 2423 αὐτῷ
364 2332 525 2417 γεγονέτω
553 2344 613 2399 τοῦ
641 2338 718 2400 ΛΗ
745 2337 827 2422 πρὸς
859 2339 896 2402 τὸ
925 2341 1001 2401 ΓΕ·
1035 2342 1138 2421 λόγος

66 2453 100 2502 20
120 2444 185 2528 ὅροι
212 2441 267 2506 καὶ
295 2449 354 2505 τοῦ
377 2442 454 2505 ΑΗ
481 2441 564 2526 πρὸς
592 2443 628 2505 τὸ
652 2445 717 2506 ΓΕ
742 2444 869 2519 δοθεές·
902 2440 1007 2508 δοθὲν
1035 2442 1072 2510 δὲ
1096 2448 1138 2511 τὸ

120 2553 198 2614 ΓΕ·
231 2544 335 2612 δοθὲν
367 2550 431 2632 ἄρα
463 2546 518 2611 καὶ
545 2549 582 2612 τὸ
610 2553 690 2613 ΛΗ.
746 2552 815 2614 ἔστι
847 2546 884 2614 δὲ
916 2549 971 2614 καὶ
1000 2553 1038 2615 τὸ
1067 2558 1136 2616 ΛΖ

102 2654 237 2720 ’δοθέν
271 2654 350 2719 ὅλον
377 2657 441 2740 ὅροι
468 2655 505 2718 τὸ
530 2658 602 2718 ΖΗ
626 2653 730 2720 δοθέν
758 2653 857 2720 έδτιν.
907 2655 963 2720 καὶ
991 2656 1061 2722 ἐπεὶ
1088 2659 1135 2735 ὡς

119 2763 155 2826 τὸ
179 2765 245 2825 ΑΒ
272 2761 355 2847 πρὸς
383 2762 419 2824 τὸ
449 2763 524 2843 ΓΔ,
556 2760 662 2837 οὕτως
689 2763 725 2825 τὸ
754 2765 831 2825 ΛΗ
856 2764 940 2847 πρὸς
968 2767 1045 2847 ΓΕ,
1077 2764 1136 2830 κοιλ

119 2872 238 2931 λοιποῦ
258 2875 316 2930 τοῦ
335 2870 403 2930 ΗΒ
422 2868 506 2952 πρὸς
524 2869 642 2932 λοιπὸν
660 2870 696 2932 τὸ
711 2872 779 2931 ΕΛ
801 2871 900 2950 λόγος
920 2867 989 2934 ἐστὶ
1008 2871 1138 2948 δοθείς.

195 3135 217 3181 1.
238 3127 319 3197 λόγος
338 3129 405 3199 ἄρα]
425 3146 477 3184 om.
498 3148 523 3184 a.
579 3135 603 3183 2.
625 3134 676 3183 ΓΖ
691 3131 764 3201 (pr.)]
780 3134 831 3183 ΓΖ
850 3130 931 3198 λόγος
950 3129 1007 3185 ἐστί
1025 3149 1051 3186 a.
1107 3139 1136 3187 3.

122 3199 196 3253 έστιν
215 3216 240 3252 v.
323 3206 347 3254 4.
369 3198 428 3254 ἐπεί
449 3233 479 3241 -
501 3207 524 3255 5.
547 3202 609 3271 ΓΖ]
629 3218 682 3254 om.
703 3217 727 3255 a.
801 3206 825 3255 ὅ.
846 3200 914 3272 ἄρα]
934 3219 987 3256 om.
1007 3219 1032 3257 a.
1108 3210 1134 3258 6.

120 3267 195 3324 ἐστίν
214 3288 239 3323 ν.
323 3276 346 3325 7.
373 3273 435 3343 ΖΔ]
458 3276 505 3325 ΖΑ
524 3272 588 3325 vat.
666 3269 794 3343 δοθέντι]
815 3269 904 3326 δοθέν
924 3290 949 3327 a.
1030 3273 1088 3328 ἐστι
1106 3291 1133 3330 ο.

156 3346 196 3394 10.
217 3338 279 3413 μέν]
300 3357 352 3396 om.
373 3343 397 3413 β.
476 3340 518 3396 13.
538 3342 606 3396 Post
626 3346 674 3396 ΓΔ
693 3343 757 3398 add.
778 3343 847 3410 πρὸς
866 3342 969 3413 ἄλληλα
988 3361 1013 3398 ε.
1089 3351 1131 3401 14.

118 3410 167 3463 καὶ
185 3411 241 3465 ἀπὸ
262 3409 324 3483 μέν]
344 3414 400 3467 ἀπὸ
420 3411 452 3467 δέ
471 3430 495 3468 a.
576 3410 742 3484 δεδομένον]
763 3429 816 3468 om.
836 3431 861 3467 a.
949 3420 990 3469 16.
1010 3415 1041 3470 τό
1057 3417 1133 3487 (pr.)]

65 3497 202 3620 Nsupra
231 3482 295 3538 add.
324 3501 359 3537 m.
382 3489 397 3536 2
425 3484 454 3538 P.
556 3481 632 3553 ὅλον]
661 3500 714 3538 om.
739 3499 764 3538 a.
860 3486 925 3555 τοῦ]
954 3503 1007 3541 om.
1032 3487 1134 3541 θοῦν.
