2400 3840
539 156 645 210 DATA.
1037 159 1100 223 119
1170 219 1173 223 ,

84 295 303 380 pendioularis
340 303 419 361 ΑΔ.
484 280 573 382 dico,
609 300 768 384 spafinm,
805 323 868 384 quo
906 303 1099 385 quadratum

83 406 194 466 rectae
208 408 241 466 A
247 406 279 467 Γ
297 404 401 468 maius
416 409 467 468 est
486 405 651 488 quadratis
666 409 829 471 rectarum
843 412 919 492 AB,
932 412 1004 494 ΒΓ,
1026 409 1058 474 h.
1072 432 1098 474 e.

483 511 616 593 duplum
644 513 871 597 rectangulum
898 514 996 578 rectis
1021 520 1099 602 AB,

97 600 130 658 Α
480 619 549 680 ΒΓ
581 617 849 701 comprehensum
886 620 926 683 ad
954 621 1099 707 triangu-

480 722 549 785 lum
559 725 664 786 ΑΒΓ
677 724 839 788 rationem
847 724 967 790 habore
980 728 1096 792 datam.

524 851 601 892 nam
615 829 770 911 quoniam
780 829 873 893 datus
891 836 942 895 est
955 838 976 908 L
988 837 1098 918 ΑΒΓ,

480 933 579 998 etiam
603 938 743 1010 [ΑΒΔ
774 935 869 1000 datus
898 942 948 1001 eso
976 939 1020 1023 [1,
1043 941 1097 1024 13;

87 1039 121 1101 A
178 1075 212 1130 B

390 1042 422 1093 Γ
479 1040 659 1125 prop.,IV].
702 1063 816 1105 uorum
839 1042 938 1107 etiam
961 1049 1096 1118 [ΑΔΒ

480 1146 575 1210 datus
599 1152 657 1211 eso.
694 1147 804 1231 itaque
831 1148 930 1212 etiam
952 1149 1096 1232 reliquus

81 1256 222 1326 [ΔΑΒ
255 1253 350 1316 datus
384 1256 434 1315 ost
468 1249 514 1336 [1,
542 1254 598 1336 32;
628 1275 742 1338 propp.
769 1252 833 1336 III,
860 1254 938 1338 IV}
998 1277 1097 1338 quaro

81 1357 117 1426 Δ
136 1362 237 1422 ΔΑΒ
270 1359 363 1422 datus
397 1362 447 1423 est
481 1359 586 1442 specie
624 1358 728 1443 [prop.
757 1358 839 1443 XL].
899 1382 977 1446 ergo
1010 1363 1095 1427 ratio

80 1468 149 1528 AA
162 1487 169 1527 :
184 1469 250 1528 AB
275 1465 351 1528 data
374 1468 423 1529 est
448 1464 523 1548 [def.
543 1463 587 1548 3].
634 1468 667 1528 ot
690 1469 740 1528 ost

167 1570 1008 1656 AA:AB=AA><BF:AB><BP[VI‚1].

79 1675 192 1758 itaquo
221 1669 320 1740 etiarn
348 1676 433 1740 ratio
462 1681 528 1739 ΔΑ
542 1691 583 1742 ><
599 1678 667 1738 ΒΓ
681 1699 688 1738 :
707 1679 774 1739 AB
789 1690 832 1743 ><
846 1678 914 1738 ΒΓ
942 1676 1018 1741 data
1046 1683 1096 1742 est

80 1780 158 1864 [def.
178 1781 222 1865 2].
268 1803 366 1865 quare
390 1781 490 1845 etiam
512 1781 596 1845 ratio
620 1782 684 1844 2Α
689 1785 717 1844 Β
732 1795 775 1848 ><
789 1783 874 1844 BF:
889 1786 959 1844 ΑΔ
973 1797 1016 1850 ><
1032 1786 1100 1847 ΒΓ

80 1886 159 1949 data
177 1892 227 1950 est
247 1887 466 1973 [prop.VIIl].
496 1909 610 1952 uorum
628 1887 712 1951 ratio
728 1886 1025 1954 ΔΑ><ΒΓεΔΑ
1031 1892 1099 1952 ΒΓ

79 1992 157 2056 data
171 1998 221 2057 ost
237 1993 277 2077 [1,
285 1993 352 2077 41].
371 1993 482 2076 itaque
497 1992 689 2057 etiamratio
704 1995 725 2058 2
731 1996 793 2056 ΑΒ
804 2007 847 2060 ><
858 1995 937 2056 BP:
947 1992 982 2060 Δ
993 1997 1099 2058 ΑΒΓ

79 2098 157 2162 data
180 2104 230 2163 ost
255 2099 360 2183 [prop.
379 2097 483 2181 VIII]
534 2103 567 2162 et
590 2098 724 2181 duplum
746 2099 973 2182 rootangulum
994 2099 1094 2163 rectis

79 2207 157 2288 AB,
175 2208 243 2269 ΒΓ
265 2204 533 2288 comprehensum
557 2208 606 2268 est
632 2204 787 2288 spatium,
810 2225 874 2287 quo
899 2205 1093 2287 quadratum

77 2315 186 2375 rectae
218 2316 251 2374 A
258 2314 289 2375 Γ
316 2311 421 2375 maius
453 2316 503 2375 ost
536 2310 701 2393 quadratis
733 2315 895 2376 rectarum
927 2316 993 2375 ΑΒ
998 2363 1007 2396 ,
1030 2315 1097 2376 ΒΓ

80 2414 142 2500 [Π,
167 2416 232 2500 12].
287 2437 364 2501 ergo
396 2417 477 2480 illud
510 2417 652 2500 spatium
682 2418 723 2481 ad
750 2419 785 2486 Δ
799 2422 906 2482 ΑΒΓ
931 2418 1092 2483 rarionem

77 2519 179 2585 habet
201 2522 319 2586 datam.

535 2679 634 2744 LXV.

147 2801 182 2867 Si
196 2802 378 2886 triangulus
394 2806 525 2867 acutum
535 2801 691 2886 angulum
701 2802 812 2867 datum
821 2803 930 2890 habeo,
940 2806 1091 2889 spatium,

77 2929 143 2991 quo
168 2909 360 2991 quadrarum
383 2908 494 2972 lateris
519 2909 579 2971 sub
604 2911 699 2971 acuto
723 2909 841 2992 angulo
866 2909 1090 2975 subtendentis

930 3088 1090 3098 ———

115 3211 156 3259 16.
177 3204 243 3277 ἐστι]
263 3204 359 3258 om.b.
429 3205 493 3274 ΔΒ]
512 3208 562 3257 ΑΒ
580 3203 608 3256 b.
682 3208 723 3257 17.
743 3197 775 3277 ᾧ]
796 3199 835 3259 ὧν
853 3204 880 3257 b.
935 3214 990 3260 τῶν
1005 3206 1089 3280 (alt.)]

75 3285 127 3346 τῆς
149 3277 176 3330 b.
266 3274 335 3328 Post
358 3279 414 3328 ΒΓ
433 3275 497 3328 add.
516 3274 548 3328 b:
575 3272 589 3327 ὃ
614 3273 670 3341 ἄρα
689 3277 782 3342 μεῖζον
807 3275 882 3329 ἔσται
899 3275 930 3329 τὸ
954 3276 1010 3330 ἀπὸ
1034 3287 1090 3335 τῶν

76 3352 133 3401 ΑΓ
156 3355 205 3416 τῆς
231 3345 288 3399 ἀπὸ
316 3354 371 3400 τῶν
394 3349 458 3413 ΑΒ,
477 3349 535 3399 ΒΓ.
627 3349 669 3397 18.
693 3344 765 3417 ἄρα]
789 3363 841 3400 om.
865 3345 892 3400 b.
988 3350 1089 3421 ΑΒΓ]

77 3434 131 3472 om.
150 3418 178 3471 b.
264 3422 306 3470 21.
326 3409 359 3489 ᾧ]
379 3417 416 3478 ὡς
434 3415 460 3470 b.
547 3421 589 3469 22.
610 3414 723 3470 ἔλαττον
741 3416 772 3470 in
789 3434 843 3470 ras.
862 3423 880 3470 4
896 3415 953 3472 litt.
971 3436 1008 3475 m.
1027 3426 1043 3473 2
1063 3438 1089 3474 v.

113 3489 232 3558 δύνηται
249 3488 276 3542 b.
