2400 3840
288 729 340 795 Ad
362 753 454 816 prop.
478 730 571 795 XXX
595 732 769 796 demonstr.
794 736 899 815 quart.

159 859 187 922 1.
220 862 372 922 Δοθεῖσα
395 858 459 941 ἄρα
483 854 573 921 ἐστίν
594 879 626 940 p.
641 856 714 940 196,
729 855 764 940 8]
788 854 857 920 ἐπεὶ
880 855 943 942 γὰρ
963 853 1101 943 ἑκατέρα

89 976 157 1029 τῶν
185 968 267 1047 ΑΕ,
290 966 358 1028 ΒΓ
384 963 527 1028 εὐθειῶν
556 961 688 1027 δέδοται
715 972 754 1047 τῇ
782 961 890 1048 θέσει,
923 961 1054 1028 δέδοται
1080 963 1101 1046 ἡ

89 1071 155 1136 ὑπὸ
180 1075 284 1135 AEA
311 1073 415 1153 γωνία
443 1079 488 1158 τῷ
512 1067 660 1154 μεγέθει,
688 1071 732 1146 ὡς
754 1069 791 1134 έν
814 1082 883 1146 τοῖς
906 1070 1011 1158 ὅροις·
1043 1070 1101 1135 δύ-

87 1202 191 1262 ναμαι
215 1176 278 1262 γὰρ
302 1176 385 1261 αὐτῇ
410 1183 485 1259 ἴσην
508 1179 722 1262 πορίσασθαι.
1138 1190 1154 1238 5

294 1371 346 1437 Ad
368 1391 459 1457 prop.
483 1370 626 1437 XXXIII
649 1372 823 1436 demonstr.
847 1373 901 1436 alt.

157 1497 187 1562 2.
219 1495 254 1561 Ρ.
276 1495 402 1583 198,1]
431 1496 482 1561 ὅτι
504 1496 563 1560 τὸν
587 1495 690 1560 αὐτὸν
713 1493 763 1559 ἀεὶ
790 1499 893 1560 τόπον
920 1494 1101 1581 ἐπέχουσιν.

87 1635 124 1659 ω
138 1607 176 1668 αἴ
192 1603 255 1689 γὰρ
274 1600 487 1688 περιέχουσαί
503 1603 588 1666 εἰσιν
606 1600 746 1685 εὐθεῖαι,
765 1612 804 1687 τῇ
818 1598 911 1666 θέσει
926 1601 1100 1687 δεδομέναι

88 1713 185 1776 εἴσίν.

157 1835 186 1898 3.
215 1835 280 1897 Τὸν
299 1833 362 1919 γὰρ
382 1833 484 1898 αὐτὸν
503 1830 554 1897 ἀεὶ
571 1835 674 1897 τόπον
693 1830 866 1915 ἐπέχουσιν
881 1833 918 1896 αἱ
929 1836 1009 1916 ΒΗ,
1022 1837 1099 1898 HA.
1120 1846 1153 1894 10

156 1961 185 2022 4.
215 1955 370 2034 Τουτέστι
388 1967 427 2042 τῇ
442 1961 510 2021 ΗΒ
528 1980 560 2041 p.
572 1957 645 2040 198,
656 1954 690 2039 6]
710 1956 747 2019 αἴ
763 1954 826 2041 γὰρ
845 1959 924 2039 ΗΒ,
938 1961 1008 2021 HA
1031 1964 1100 2023 ἴσαι

88 2067 185 2130 εἰσίν·
216 2064 251 2129 ἐκ
273 2072 333 2128 τοῦ
355 2062 495 2149 κέντρου
518 2062 582 2149 γάρ
606 2063 670 2126 εἴσι
691 2069 752 2126 τοῦ
775 2063 911 2127 κύκλου·
943 2061 975 2140 ἐξ
999 2063 1100 2150 ἀρχῆς

90 2168 127 2237 δὲ
150 2171 247 2255 ἐτέθη
272 2177 326 2254 ἴση
349 2181 389 2256 τῇ
412 2175 475 2235 ΕΖ
498 2169 518 2251 ἡ
542 2173 623 2233 ΗΔ.
832 2157 833 2160 “

156 2299 185 2362 5.
217 2294 290 2379 ’Ίση
322 2297 386 2382 ἄρα
418 2293 486 2359 ἐστὶ
513 2291 568 2358 καὶ
597 2291 617 2376 η
647 2296 711 2356 ΖΘ
742 2302 782 2377 τῇ
812 2296 884 2357 ΘΗ
907 2317 936 2378 p.
963 2296 1041 2382 198,
1065 2297 1099 2382 7]

89 2402 148 2469 ἐὰν
171 2403 337 2488 τριγώνου
360 2401 448 2487 παρὰ
471 2403 550 2485 μίαν
573 2409 640 2464 τῶν
658 2404 812 2484 πλευρῶν
834 2399 949 2465 εὐθεῖα
967 2408 1099 2491 γραμμὴ
1119 2421 1152 2468 15

88 2509 255 2592 ἀνάλογον
278 2506 357 2594 τέμη
384 2509 443 2583 τὰς
465 2516 525 2572 τοῦ
547 2506 714 2592 τριγώνου
727 2507 894 2599 πλευράς,
923 2511 1013 2575 ἔστιν
1035 2513 1100 2599 ἄρα

90 2617 135 2690 ὡς
157 2614 177 2697 ἡ
201 2619 264 2679 ΕΖ
287 2616 370 2700 πρὸς
394 2618 471 2696 ΖΘ,
499 2613 519 2696 η
542 2615 614 2677 ΒΗ
633 2613 716 2698 πρὸς
738 2614 822 2676 ΗΘ·
856 2619 909 2696 ἴση
933 2612 970 2680 δὲ
992 2616 1012 2700 ἡ
1035 2621 1099 2684 ΕΖ

89 2731 129 2806 τη
153 2726 237 2786 ΒΗ·
266 2727 320 2805 ἴση
343 2724 407 2806 ἄρα
429 2719 485 2785 καὶ
508 2719 528 2802 ἡ
553 2723 617 2783 ΖΘ
639 2728 678 2804 τῇ
701 2722 779 2782 ΗΘ.

163 2912 568 2980 1,Ρ11ἴαθ.Μοο.Αωθτ,τρῖ.
642 2915 709 2963 Μ.
783 2910 940 2967 Παθτσ.
1013 2923 1037 2972 4,
1060 2918 1099 2972 Pl

89 2985 244 3053 ἴαῖπσρλ.
319 2990 342 3038 ο.
362 2979 456 3051 ΡῙνσ;
476 2981 656 3037 coniunctum
674 2997 696 3035 ο.
716 2997 757 3034 nr.
777 2983 835 3034 41.

161 3170 186 3218 2.
211 3162 271 3217 ἐπεὶ
289 3161 355 3235 γάρ]
375 3179 427 3217 om.
447 3165 469 3216 ἴ.
561 3167 585 3217 3.
608 3159 676 3230 τῶν]
694 3155 739 3210 bis
758 3157 822 3214 vat.
912 3167 936 3216 4.
961 3164 1097 3238 δύναμαι]

89 3232 241 3304 δυνάμεθα
259 3234 368 3303 Ambr.‚
392 3257 436 3288 -αι
454 3254 490 3290 m.
511 3241 525 3288 1
549 3235 617 3287 mut.
636 3231 667 3284 in
685 3231 755 3282 -εθα
775 3248 797 3284 σ.
874 3239 898 3288 8.
924 3234 1005 3308 εἰσιν]
1024 3236 1098 3293 ἐστιν

88 3310 200 3377 (comp.)
219 3325 243 3360 z.
323 3311 363 3360 11.
385 3308 455 3379 HA]
476 3311 530 3361 HA
550 3328 573 3375 ρ.
647 3307 689 3356 12.
708 3305 845 3376 1013(pr.ss
865 3320 917 3360 om.
937 3325 959 3361 τ.
1033 3309 1086 3363 εἰσι

89 3377 164 3434 ἐστιν
182 3397 204 3432 τ.
264 3378 380 3449 κύκλου]
399 3394 451 3432 om.
472 3396 495 3432 σ.
569 3385 610 3435 13.
630 3373 660 3445 ἡ]
680 3389 733 3426 om.
744 3374 823 3431 codd.
890 3381 930 3432 15.
950 3379 1085 3450 τριγώνου

90 3466 143 3504 0111.
162 3453 185 3519 1,
205 3465 294 3517 comp.
314 3451 379 3503 cett.
454 3455 495 3504 17.
516 3455 569 3505 ΕΖ
583 3451 657 3522 (pr.)]
678 3445 732 3500 ΘΖ
749 3446 771 3499 ἴ.

890 3530 947 3593 Ἃ*
