2400 3840
463 167 467 177 -
517 132 623 193 narn.
1036 141 1078 206 19
1118 174 1121 179 >

57 283 235 362 utramque
268 278 365 344 simul
392 284 471 366 AF,
504 279 725 366 comparatam
758 302 832 346 oum
867 285 979 349 eadem
1007 289 1079 370 ΓΒ,

58 385 141 448 data
163 385 320 450 maiorem
343 409 413 450 esse
437 409 535 470 quam
557 388 592 451 in
614 387 751 453 ratione.

127 513 205 555 nam
241 492 395 574 quoniam
432 493 623 578 magnitudo
657 500 689 558 A
696 499 725 558 Β
732 545 741 579 ,
778 500 966 580 comparata
1003 520 1077 562 oum

57 596 286 681 magnitudine
314 601 386 682 ΒΓ,
419 599 494 662 data
526 599 630 663 maior
662 604 712 663 est
744 622 841 683 quam
873 601 908 664 in
939 602 1078 688 ratione,

55 747 80 794 A
252 749 277 796 A
355 749 376 797 B
433 749 459 798 Γ
502 704 668 768 auferatur
692 706 768 769 data
790 706 980 790 magnitudo
995 714 1075 772 ΑΔ.

65 813 442 852 Γ-Ῥ-Ἰ-ῑ
500 810 643 893 reliquae
679 811 782 896 igitur
817 816 889 875 AB
931 813 971 876 ad
1008 818 1037 877 Β
1049 817 1083 877 Γ

56 913 145 978 ratio
165 915 241 979 data
259 920 309 978 est
329 915 404 999 [def.
422 915 486 999 ll].
520 921 553 981 et
572 918 793 1001 componendo
810 918 895 982 ratio
909 924 942 980 Δ
948 921 980 981 Γ
990 941 997 980 ε
1012 922 1082 982 ΒΓ

56 1019 135 1082 data
154 1026 204 1084 est
225 1021 328 1106 [prop.
343 1021 414 1105 Vl]
452 1026 485 1085 et
509 1023 585 1086 data
608 1028 657 1087 est
676 1024 868 1109 magnitudo
887 1031 959 1088 ΑΛ.
995 1046 1075 1110 ergo
1156 1028 1159 1033 ’

55 1126 250 1211 magnitudo
271 1122 340 1212 ΓΑ,
362 1132 550 1211 comparata
568 1151 641 1193 oum
661 1129 884 1215 magnitudine
905 1133 976 1215 FB,
999 1130 1076 1195 data

56 1232 164 1296 maior
187 1237 238 1296 est
261 1255 358 1316 quam
380 1234 416 1296 in
438 1233 564 1298 ratione
589 1234 663 1318 [def.
687 1235 752 1319 ll].

123 1338 191 1402 iam
213 1360 325 1403 rursus
344 1338 534 1424 magnitudo
549 1346 582 1404 A
588 1343 624 1425 Γ,
648 1346 836 1425 comparata
855 1365 928 1407 oum
947 1343 1075 1428 magni-

55 1443 170 1507 tudine
186 1446 257 1529 ΓΒ,
281 1445 356 1508 data
375 1445 479 1509 maior
498 1446 541 1509 sit
561 1468 658 1530 quam
680 1447 715 1510 in
738 1447 873 1511 ratione.
911 1448 994 1532 dieo,
1017 1452 1074 1511 aut

56 1549 217 1632 reliqua-m
249 1553 317 1613 AB
324 1602 334 1635 ,
370 1557 590 1636 comparatam
628 1576 702 1618 eum
738 1555 849 1647 eadem
882 1555 960 1637 ΒΓ,
997 1553 1074 1616 data

56 1653 215 1719 maiorem
239 1677 309 1720 esse
329 1678 427 1739 quam
445 1657 634 1743 iuratione,
657 1664 713 1723 aut
731 1663 797 1723 AB
821 1682 896 1724 eum
915 1658 1072 1742 sequenti,

54 1762 97 1824 ad
121 1783 220 1844 quam
243 1764 313 1825 ΒΓ
331 1762 492 1828 rationem
515 1764 615 1829 habet
638 1766 758 1848 datam,
781 1765 857 1828 data
880 1768 937 1827 est.

122 1889 199 1932 nam
214 1868 368 1952 quoniam
378 1869 568 1954 magnitudo
580 1875 612 1933 A
618 1872 654 1954 Γ,
666 1873 854 1953 comparata
864 1891 937 1933 oum
949 1868 1074 1954 magni·
1111 1886 1114 1925 ἰ

54 1973 168 2038 tudine
176 1977 247 2058 ΓΒ,
261 1974 336 2039 data
348 1974 453 2038 maior
463 1980 513 2040 est
524 1997 621 2059 quam
630 1974 665 2037 in
675 1973 810 2058 ratione,
821 1973 986 2037 auferatur
996 1975 1071 2038 data

53 2079 256 2165 magnitudo.
274 2081 341 2144 iam
355 2082 431 2144 data
444 2081 635 2166 magnitudo
651 2084 708 2144 aut
721 2079 827 2144 minor
837 2085 887 2143 est
897 2102 995 2164 quam
1002 2086 1035 2143 A
1040 2084 1068 2144 Β

52 2191 111 2250 aut
130 2185 242 2250 maior.
278 2186 369 2271 prius
389 2186 432 2250 sit
450 2187 565 2272 minor,
584 2192 617 2251 et
636 2186 680 2250 sit
694 2192 766 2250 ΑΔ.
800 2185 947 2269 reliquae
966 2184 1071 2270 igitur

51 2294 125 2355 AF
144 2291 185 2354 ad
204 2294 265 2355 ΓΒ
288 2291 373 2356 ratio
398 2297 448 2356 est
467 2291 542 2357 data
562 2293 636 2378 [def.
654 2293 719 2377 ll].
756 2293 768 2355 i
785 2314 867 2377 aque
889 2288 1070 2356 dirimendo

51 2397 138 2462 ratio
158 2401 225 2461 ΛΒ
241 2421 247 2460 :
262 2400 330 2461 ΒΓ
348 2399 425 2462 data
443 2403 494 2462 est
513 2399 617 2483 [prop.
632 2399 686 2482 V]
730 2405 763 2464 et
782 2400 858 2463 data
877 2402 927 2462 est
945 2398 1070 2483 magni·
1112 2415 1115 2423 ’

50 2505 132 2568 tudo
147 2509 220 2567 ΑΛ.
258 2524 336 2588 ergo
356 2503 547 2588 magnitudo
562 2510 594 2568 A
599 2508 637 2589 Β,
656 2510 843 2589 comparata
857 2527 932 2569 eum
946 2503 1071 2588 magni-

50 2608 163 2673 tudine
187 2611 260 2692 ΒΓ,
282 2608 359 2671 data
381 2607 485 2672 maior
508 2614 558 2672 est
581 2632 678 2693 quam
700 2611 736 2673 in
758 2610 884 2675 ratione
909 2609 984 2694 [def.
1001 2609 1068 2693 ll].

118 2715 186 2778 iam
208 2735 286 2778 uero
311 2714 387 2777 data
410 2714 601 2800 magnitudo
624 2716 729 2779 maior
752 2716 796 2779 sit
819 2739 917 2800 quam
935 2719 1011 2799 ΑΒ,
1034 2719 1068 2779 et

49 2825 194 2906 ponatur
217 2820 247 2884 ei
270 2819 414 2903 aequalis
437 2821 628 2907 magnitudo
650 2827 724 2885 ΑΒ.
760 2822 845 2886 ratio
867 2822 972 2907 igitur
994 2820 1067 2883 reli-

47 2974 73 3021 A
271 2975 293 3022 B
362 2973 387 3023 E
442 2973 469 3022 P
524 2950 606 3012 quae
637 2931 706 2992 EF
741 2928 781 2991 ad
809 2930 870 2991 FB
907 2927 983 2990 data
1016 2930 1066 2989 est

56 3039 451 3076 ’“·“““-»--“’”··“
525 3034 599 3119 [def.
634 3033 699 3117 11].
762 3033 873 3117 itaque
910 3031 1009 3095 etiam
1047 3051 1064 3092 e

48 3139 216 3205 contrario
248 3140 333 3205 ratio
362 3144 430 3205 ΒΓ
440 3144 530 3205 :EF
557 3141 633 3204 data
665 3143 724 3204 est.
779 3143 812 3204 et
843 3136 1061 3202 conuertendo

48 3246 136 3310 ratio
160 3249 244 3310 BF:
259 3250 325 3310 BE
347 3248 423 3312 data
446 3252 496 3312 est
521 3247 623 3332 [prop.
641 3244 696 3327 VJ.
733 3249 766 3309 et
785 3230 980 3328 'magnitudo
999 3245 1063 3305 ΕΒ

85 3402 153 3473 ἄρα]
172 3410 222 3456 τοῦ
241 3419 267 3458 a.
358 3407 400 3456 23.
425 3400 492 3456 ὥστε
513 3435 544 3444 -
565 3408 606 3454 ⁶24.
627 3397 737 3470 δοθεὶς]
756 3397 897 3454 ἀνάπαλιν
917 3414 941 3451 a.
1020 3404 1063 3451 24.

46 3474 223 3544 BF]FBa.
279 3474 493 3528 25.rdBEva.
551 3470 1061 3543 EB]Esupraadd.m.IV‚BEa.
1145 3488 1148 3494 ·

865 3559 900 3612 2*
