2400 3840
131 166 197 229 242
301 170 432 221 mmm
448 169 670 221 PHILOSOPHI
688 170 976 222 COMMENTARIUS
1070 228 1085 257 ο

131 311 152 394 ἢ
170 311 283 377 θέσιν·
307 310 379 377 ἄλλ’
395 307 494 388 οὗτος
511 309 573 396 μὲν
591 311 609 377 ὁ
628 312 706 396 ὅρος
723 313 913 397 κοινότερύς
931 311 1036 397 ἐστιν,
1056 314 1151 390 ίδίως

132 415 168 482 δὲ
191 416 247 482 καλ
269 415 349 482 καθ’
370 417 452 482 αὑτὸ
474 418 578 503 ρητύν
600 416 700 499 έστιν,
723 417 742 481 ὃ
764 417 848 482 κατά
869 441 947 482 τινα
964 421 1150 502 γιγνώσκω

133 548 193 609 μεν
216 523 364 608 ἀριθμὸν
386 525 469 609 πρὸς
490 525 529 588 τὸ
551 534 591 610 τῇ
614 523 707 588 θέσει
730 522 867 609 μέτρον,
894 528 1100 610 παλαιστήν,
1123 528 1153 590 εί

130 633 240 715 τύχοι,
263 630 284 714 ἢ
307 631 481 695 δάκτυλον.

96 753 112 799 5
198 737 286 802 οὕτω
314 738 356 821 δὴ
382 734 678 822 προδιωρισμένων
704 737 790 822 ῥᾷον
817 740 908 801 ἔσται
936 739 1058 802 λοιπὸν
1081 738 1152 803 ἐπι-

132 854 267 908 σκοπεῖν
290 844 352 925 την
373 866 409 907 τε
431 845 611 907 κοινωνίαν
633 854 701 907 τῶν
719 842 905 928 εἰρημένων
922 841 978 907 καὶ
996 844 1061 927 τὴν
1078 845 1152 909 δια-

131 950 253 1035 φορᾶν,
275 947 331 1013 καὶ
353 959 496 1034 πρῶτον,
519 950 608 1024 ὅπως
630 951 696 1032 ἔχει
718 949 756 1013 τὸ
779 947 980 1033 τεταγμένον
1002 951 1092 1034 πρὸς
1112 951 1152 1016 τδ

108 1057 301 1140 ’γνώριμον
334 1053 390 1119 καλ
421 1055 463 1119 τᾶ
493 1056 625 1130 τούτοις
657 1053 865 1138 ἀντικείμενα
896 1056 980 1140 πρὸς
1012 1057 1151 1139 ἄλληλα.

132 1163 194 1227 οὐκ
217 1165 286 1225 ἔστι
309 1162 351 1244 δὴ
374 1171 442 1225 τῶν
461 1160 749 1245 ἀντιστρεφόντων
767 1161 963 1226 τὰτοιαῦτα
982 1157 1063 1226 οὐδὲ
1081 1163 1151 1246 μὴν

82 1281 115 1328 10
135 1266 282 1348 ἐκείνων,
305 1265 342 1330 έν
364 1257 414 1341 οἷς
436 1267 474 1330 τὸ
496 1265 609 1351 ἕτερον
631 1275 693 1330 τοῦ
716 1264 829 1352 ἑτέρον
852 1266 905 1332 έπλ
922 1265 1027 1332 πλέον
1049 1267 1151 1333 έστίν.

132 1374 164 1436 εί
189 1372 253 1456 γὰρ
285 1370 342 1436 καλ
368 1372 465 1436 κοινὰ
492 1372 605 1448 αὐτοῖς
631 1375 738 1437 πολλὰ
764 1373 919 1458 ὑπάρχει,
950 1373 997 1450 ὡς
1026 1375 1065 1438 τὸ
1093 1375 1151 1439 διὰ

132 1479 195 1542 δύο
223 1478 376 1562 σημείων
396 1478 532 1544 εὐθεῖαν
561 1479 688 1563 γράψαι
719 1478 775 1544 καὶ
807 1480 863 1544 διὰ
889 1491 992 1564 τριῶν
1024 1481 1151 1546 κύκλον

131 1581 187 1648 καὶ
216 1585 415 1669 ἰσόπλευρον
442 1586 688 1668 συστήσασθαι,
719 1583 803 1649 ἀλλὰ
832 1586 870 1650 τὸ
898 1589 1151 1669 τετραγωνίζειν

132 1691 192 1754 τὸν
214 1690 338 1754 κύκλον
356 1688 555 1774 τεταγμένον
577 1688 649 1774 μέν,
671 1692 844 1773 ἄγνωστον
867 1689 917 1754 δέ·
939 1689 996 1755 καλ
1019 1691 1072 1756 ὅτι
1090 1695 1152 1775 μία

82 1810 115 1857 16
133 1806 192 1880 τῆς
219 1795 327 1872 ἕλικος
351 1795 411 1881 ἀφ’
436 1794 510 1872 ἑνὸς
533 1799 670 1880 σημείου
693 1795 883 1881 ἐφάπτεται,
905 1809 973 1862 τῶν
995 1796 1151 1882 τεταγμέ-

131 1926 202 1967 νων
228 1900 284 1967 καλ
312 1904 357 1986 μὴ
386 1900 610 1986 ἐνδεχομένων
636 1904 745 1979 ἄλλως
772 1905 858 1986 ἔχειν
882 1901 984 1968 έστίν·
1018 1903 1061 1967 ού
1082 1905 1152 1988 μὴν

132 2006 189 2073 καὶ
207 2012 369 2091 ἔγνωσται
388 2008 492 2073 αὐτοῦ
510 2009 531 2093 ἡ
550 2007 717 2087 ἄπόδειξις
734 2011 807 2092 ἦτοι
825 2011 1019 2093 κατασκευή.
1047 2009 1153 2074 πᾶλιν

133 2113 165 2178 δ’
182 2111 225 2180 αὖ
244 2115 265 2199 ἡ
284 2113 335 2180 ἐπ’
351 2117 490 2200 ἄπειρον
507 2117 589 2199 τομὴ
612 2113 668 2179 καὶ
686 2115 707 2199 ἡ
725 2125 785 2179 τοῦ
804 2120 972 2198 σκαληνοῦ
990 2115 1152 2193 σύστασις

134 2223 295 2302 ἔγνωσται
318 2219 393 2307 μέν,
421 2219 530 2287 ούκέτι
553 2217 590 2286 δὲ
612 2219 668 2286 καὶ
690 2218 855 2305 τέτακται,
882 2222 966 2286 ὥστε
989 2224 1152 2306 φανερόν,

81 2339 117 2388 20
136 2326 187 2390 ὅτι
219 2330 309 2392 ἔσται
342 2336 402 2391 τοῦ
433 2327 632 2412 τεταγμένον
663 2328 701 2392 τὸ
733 2323 793 2411 μὲν
820 2329 1005 2412 γνώριμον,
1040 2328 1078 2392 τὸ
1113 2323 1152 2391 δὲ

134 2432 320 2514 ἄγνωστον,
355 2430 411 2496 καὶ
447 2432 611 2497 ἄνᾶπαλιν
648 2430 685 2498 δὲ
721 2442 781 2498 τοῦ
813 2438 985 2518 γνωρίμου
1016 2434 1055 2498 τὸ
1086 2430 1152 2518 μὲν

133 2535 346 2620 τεταγμένον,
381 2538 418 2601 τὸ
451 2535 488 2601 δὲ
520 2538 669 2604 ἄτακτον.
722 2537 778 2604 καὶ
810 2539 916 2616 οὕτως
947 2542 1012 2623 ἔχει
1044 2549 1152 2605 ταῦτα

133 2642 216 2725 πρὸς
238 2643 372 2726 ἄλληλα,
396 2642 442 2720 ὡς
463 2644 501 2708 τὸ
524 2646 660 2727 λογικὸν
682 2647 766 2731 πρὸς
787 2647 825 2710 τὸ
848 2648 958 2723 πεζόν·
982 2647 1060 2710 οὔτε
1084 2647 1151 2733 γὰρ

134 2744 270 2826 έξισᾶζει
302 2749 342 2813 τὰ
369 2757 506 2815 τοιαῦτα
533 2752 609 2816 οᾶτε
640 2754 706 2836 μην
733 2753 770 2817 τὸ
797 2751 912 2839 ἕτερον
943 2759 1004 2816 τοῦ
1032 2749 1151 2837 ἑτέρον

80 2868 116 2917 26
135 2852 188 2918 έπλ
210 2852 311 2920 πλέον
335 2855 433 2921 ἐστίν.

200 2960 322 3045 ὁμοίως
348 2959 385 3027 δὲ
412 2966 477 3047 ἔχει
504 2961 620 3028 καὶτὸ
644 2961 843 3047 τεταγμένον
865 2962 981 3029 καὶτὸ
1004 2966 1152 3030 ἄτακτον

133 3068 217 3151 πρὸς
230 3069 267 3133 τὸ
282 3071 425 3152 πόριμον
442 3066 548 3134 καὶτὸ
563 3071 704 3156 ἄπορον·
728 3073 887 3135 κοινωνία
901 3093 936 3135 τε
954 3072 1018 3156 γὰρ
1032 3071 1151 3148 αὐτοῖς

128 3175 241 3238 ’ἔνεστι
271 3178 406 3256 πλείστη
437 3172 494 3239 καὶ
526 3173 677 3261 διαφέρει
705 3175 857 3259 ἀλλήλων
884 3177 943 3241 τὸν
972 3175 1151 3263 εἰρημένον

206 3441 230 3490 2.
254 3433 303 3491 καί
326 3467 360 3476 -
384 3435 470 3561 ἐστινὲ
497 3453 550 3492 om.
573 3455 598 3492 v.
689 3438 884 3506 γιγνώσκωμεν
907 3453 940 3490 v:
1023 3443 1048 3502 ὁ,
1072 3438 1150 3492 Ante

136 3503 297 3561 ἐπισκοπεῖν
325 3507 388 3562 add.
417 3527 454 3561 κα
492 3525 518 3561 v.
615 3515 656 3563 12.
684 3508 792 3564 κύκλων
819 3527 845 3563 v.
946 3513 987 3564 18.
1015 3507 1150 3581 ἄπειρον]
