2400 3840
111 181 178 246 312
538 179 703 231 scnom

110 325 204 410 τέρα,
230 327 314 409 πρὸς
336 325 378 407 ἢν
402 324 557 409 ἡπρώτη
580 326 682 405 λόγον
704 325 770 406 ἔχει
793 321 987 406 δεδομένον·
1016 319 1118 402 ήγὰρ

110 434 191 516 μετὰ
209 435 271 515 τὴν
288 435 563 515 προσληφθεῖσαν
580 429 719 513 δευτέρα
737 425 822 495 οὖσα
840 432 905 512 ἔχει
921 428 1006 511 πρὸς
1019 428 1121 509 τήνΒ

111 541 185 622 ήτοι
216 540 279 621 τήν
309 537 390 621 μετὰ
420 538 482 619 τὴν
512 541 789 620 προσληφθεῖσαν
820 530 926 600 οὖσαν
954 533 1123 617 τετάρτην,

112 647 196 732 πρὸς
223 645 265 726 ἣν
292 644 312 726 ἡ
340 641 373 720 ἐξ
397 641 499 726 ἀρχῆς
525 643 639 725 πρώτη
667 642 713 718 ὡς
734 642 819 725 πρὸς
841 640 1001 725 δευτέραν
1025 643 1125 722 λόγον

78 757 179 837 οέχει
212 749 407 834 δεδομένον·
439 751 504 832 ἔχει
531 749 595 832 γὰρ
622 749 682 812 τὸν
708 748 813 812 αὐτὸν
840 751 941 830 λύγον
968 749 1044 830 ήτοι
1068 748 1126 810 τὸν

113 860 388 925 ὑιιοδιιιλασίονα.
434 855 454 937 ἡ
479 857 541 939 γὰρ
565 856 645 938 μετὰ
668 856 729 938 τήν
751 860 1030 939 αροσλήφθεῖσαν
1054 855 1126 918 δεν-

115 965 204 1050 τίρα,
226 967 298 1048 ήτις
321 961 389 1028 ἐστὶ
412 965 447 1045 ξ,
474 963 558 1045 πρὸς
580 963 642 1044 τήν
663 963 744 1045 μετὰ
766 963 828 1045 τήν
850 967 1128 1045 προσληφθεῖσαν

115 1074 284 1158 τετάρτην,
308 1068 467 1153 δευτέραν
490 1066 527 1132 δὲ
549 1068 595 1144 ὡς
616 1069 700 1151 πρὸς
722 1069 784 1151 τήν
806 1067 839 1146 ἐξ
863 1067 965 1153 ἀρχῆς
982 1069 1131 1152 πρώτην,

116 1181 190 1261 ήτοι
213 1180 274 1259 τὴν
296 1181 324 1241 Β
349 1162 383 1259 ιβ
406 1172 511 1240 οὖσαν
533 1174 779 1239 ὑποδιπλάσιύν
801 1174 901 1239 ἐστιν.

63 1300 99 1352 10
184 1283 247 1347 κᾶν
270 1291 353 1365 γοῦν
375 1283 497 1357 ταύτας
520 1280 561 1344 ού
584 1284 688 1366 λαβής
710 1282 769 1358 τὰς
787 1282 922 1359 εὐθείας
939 1281 1013 1348 ἀλλ’
1030 1285 1133 1360 ἄλλας

118 1401 185 1455 τῶν
204 1375 239 1473 δ,
263 1391 335 1466 οἵας
356 1389 482 1472 βούλει,
504 1388 610 1465 οὕτως
633 1388 784 1475 εὑρήσεις
806 1390 928 1465 ταύτας
949 1390 1134 1474 φυλάττειν

118 1500 180 1582 τήν
198 1498 449 1583 παραδοθεῖσαν
467 1494 560 1573 τάξιν
578 1497 660 1561 κατὰ
678 1497 741 1578 τὴν
759 1496 842 1580 ἐμὴν
859 1494 940 1573 τέως
959 1496 1133 1580 ἐπιβολήν·

119 1607 155 1689 ή,
192 1607 223 1669 εί
252 1604 380 1688 βούλει,
417 1607 565 1668 ἔστωσαν
596 1598 657 1687 μὲν
689 1602 734 1679 ὡς
765 1602 801 1667 ἐν
832 1612 879 1691 τῷ
912 1603 1040 1692 ἐδαφίῳ
1074 1613 1135 1668 τοῦ

120 1715 253 1796 βιβλίου
280 1714 413 1793 κείμενα
441 1708 486 1773 δι’
512 1709 668 1793 ἀριθμῶν
699 1718 861 1775 τοιοῦτον.
918 1710 1001 1775 ἀλλὰ
1029 1712 1072 1795 δή
1100 1710 1135 1775 ἐκ

68 1835 102 1884 15
121 1830 189 1883 τῶν
219 1817 374 1903 ἀριθμῶν
401 1816 520 1892 ούτως·
552 1814 606 1880 καὶ
635 1815 746 1892 ἁπλῶς
776 1817 869 1893 οἵους
900 1818 1016 1900 βούλει
1048 1830 1136 1904 τρεῖς

122 1947 192 2001 πως
214 1936 281 1989 τῶν
305 1922 337 2000 ἐξ
360 1922 462 2008 ἀρχῆς
481 1907 503 1986 δ
525 1922 684 2007 λάμβανε,
712 1921 767 1988 καὶ
790 1923 941 2008 εὑρήσεις
967 1926 1052 1990 κατὰ
1075 1927 1137 2008 τήν

122 2033 257 2097 ἄνωθεν
280 2030 443 2115 ῥηθεῖσαν
466 2028 619 2112 ἐξήγησιν
643 2029 795 2114 ἁρμόζειν
818 2032 855 2095 τὸ
878 2032 1047 2116 θεώρημα.

447 2260 499 2325 Ad
521 2283 611 2345 prop.
635 2259 811 2325 LXXXIV.

195 2386 267 2450 179.
300 2386 409 2467 Λοιπή
432 2386 496 2470 ἄρα
519 2384 538 2466 ἡ
561 2389 629 2449 ΑΒ
652 2409 683 2470 p.
705 2386 777 2469 166,
796 2384 832 2469 4]
860 2385 879 2468 ή
903 2384 967 2471 γὰρ
992 2389 1061 2451 ΒΓ
1082 2395 1140 2469 τής

71 2509 107 2560 20
126 2497 188 2556 BA
211 2494 329 2576 μείζων
352 2488 420 2555 ἐστὶ
448 2501 487 2575 τῇ
510 2494 582 2555 ΛΓ
604 2492 719 2578 εὐθείᾳ
747 2492 900 2576 δοθείσῃ,
933 2491 978 2568 ὡς
1006 2492 1044 2558 ἐν
1071 2505 1140 2569 τοῖς

126 2599 226 2684 ὅροις.

464 2741 516 2804 Ad
534 2762 626 2825 prop.
650 2739 809 2805 LXXXV.

197 2866 269 2932 180.
294 2868 363 2930 Καί
381 2863 448 2930 ἐστι
463 2866 602 2930 δοθεῖσα
616 2865 636 2949 ή
650 2865 716 2930 ὑπὸ
731 2868 831 2929 ΑΒΔ
848 2868 953 2946 γωνία
971 2888 1004 2949 p.
1016 2866 1091 2951 168,
1105 2866 1142 2952 2]

129 2973 174 3050 δις
198 2971 240 3037 δλν
264 2971 379 3036 εύθεῖα
404 2970 454 3036 ἐπ’
474 2972 611 3037 εύθεῖαν
630 2979 789 3038 σταθεῖσα
809 2976 931 3053 γωνίας
954 2983 1043 3058 ιιοιή,
1068 2975 1142 3056 ήτοι

75 3090 111 3140 25
131 3080 192 3144 δύο
216 3078 322 3164 ὀρθὰς
346 3078 366 3162 ή
385 3077 485 3144 δυσὶν
508 3079 628 3165 ὀρθαῖς
652 3085 724 3158 ῖσας
746 3080 885 3161 ποιήσει.

204 3314 263 3364 179.
285 3313 343 3362 180.
362 3307 415 3361 Pv.

204 3544 247 3593 24.
266 3538 346 3610 ποιή]
365 3546 443 3591 ποιεῖ
460 3538 539 3592 codd.
