2400 3840
115 160 179 224 148
517 160 723 214 ΔΕΔΟΜΕΝΑ.

114 304 135 388 ἡ
159 305 224 370 ὑπὸ
248 316 316 369 τῶν
340 308 437 368 ΒΔΑ
461 303 613 368 δοθεῖσα·
641 300 697 367 καὶ
721 305 819 386 λοιπὴ
844 304 908 390 ἄρα
931 301 952 385 ἡ
975 302 1041 367 ὑπὸ
1065 313 1135 367 τῶν

115 415 212 475 ΒΑΛ
240 409 308 475 ἐστι
336 411 489 474 δοθεῖσα·
523 407 655 474 δέδοται
683 411 747 495 ἄρα
775 410 813 474 τὸ
841 413 941 473 ΑΒΔ
968 412 1135 493 τρίγωνον

115 527 161 605 τῷ
185 518 279 581 είδει·
313 518 411 598 λόγος
438 517 503 601 όίρα
531 513 599 579 ἐστὶ
626 522 684 598 τῆς
707 519 770 579 ΒΑ
797 516 881 601 πρὸς
903 517 964 599 τὴν
988 520 1054 579 ΑΛ
1078 516 1135 578 δο-

113 626 196 698 θείς.
247 631 304 705 τῆς
332 617 369 686 δὲ
397 625 463 685 ΑΒ
490 622 574 705 πρὸς
600 623 662 704 τὴν
690 624 758 686 ΒΓ
781 623 878 703 λόγος
906 618 974 685 ἐστὶ
1004 622 1133 697 δοθείς·

81 727 172 793 ὁκαὶ
195 738 253 811 τῆς
276 733 342 792 ΑΛ
365 729 429 814 όίρα
452 728 535 813 πρὸς
557 728 619 810 τὴν
641 730 710 791 ΒΓ
728 730 826 810 λόγος
847 725 918 801 Ιἐστὶ
941 727 1066 803 δοθείς.

593 919 650 998 οζ’.

180 1045 255 1111 Ἐὰν
274 1047 336 1110 δύο
355 1046 427 1128 είδη
447 1042 607 1129 δεδομένα
626 1054 671 1124 τῷ
687 1045 767 1109 είδει
787 1045 871 1130 πρὸς
888 1046 1016 1128 ἄλληλα
1031 1047 1135 1127 λόγον

116 1154 172 1236 ἔχῃ
192 1150 382 1235 δεδομένον,
399 1148 455 1214 καὶ
469 1153 528 1234 μία
541 1152 668 1237 πλευρὰ
682 1150 844 1215 ὁποιαοῦν
859 1149 932 1227 ἑνὸς
950 1161 1018 1215 τῶν
1033 1152 1135 1216 είδῶν

116 1258 199 1342 πρὸς
222 1256 405 1323 ὁποιανοῦν
428 1240 578 1320 ιῶντοῦ
602 1254 715 1340 ἑτέρου
740 1259 841 1340 λόγον
859 1255 922 1334 ἔξει
942 1255 1134 1340 δεδομένον.

65 1374 99 1422 10
185 1364 246 1427 δύο
276 1362 338 1448 γὰρ
368 1363 439 1445 είδη
467 1362 508 1425 τδι
531 1365 641 1446 ΑΒΓ,
663 1367 765 1427 ΔΕΖ
793 1360 954 1447 δεδομένα
982 1372 1028 1450 τῷ
1053 1364 1135 1427 είδει

116 1470 199 1554 πρὸς
226 1470 351 1551 ἄλληλα
379 1470 480 1550 λόγον
508 1465 605 1551 ἐχέτω
634 1466 828 1552 δεδομένον·
867 1467 967 1552 λέγω,
1000 1467 1050 1532 ὁτι
1079 1466 1135 1533 καὶ

116 1579 175 1659 μία
202 1574 328 1660 πλευρδι
356 1574 518 1639 ὁποιαοῦν
549 1582 610 1638 τοῦ
636 1578 743 1640 ΑΒΓ
766 1575 850 1659 πρὸς
877 1578 957 1658 μίαν
984 1575 1135 1659 πλευρὰν

118 1681 300 1746 ὁποιανοῦν
323 1688 384 1744 τοῦ
408 1684 510 1744 ΔΕΖ
534 1682 635 1763 λόγον
658 1682 723 1764 ἔχει
747 1678 938 1764 δεδομένον.

184 1786 431 1874 ἀναγεγράφθω
464 1787 528 1872 γὰρ
559 1785 622 1851 ἀπὸ
651 1797 718 1851 τῶν
745 1790 823 1870 ΒΓ,
848 1790 911 1850 ΕΖ
944 1786 1136 1872 τετράγωνα

66 1901 99 1949 15
118 1893 158 1956 τὰ
185 1896 269 1974 ΒΗ,
292 1897 366 1957 ΕΘ.
418 1889 487 1956 ἐπεὶ
514 1891 579 1957 ιἰπὸ
607 1901 665 1976 τῆς
692 1891 793 1975 αὐτῆς
821 1892 955 1968 εὐθείας
986 1901 1044 1975 τῆς
1071 1896 1141 1957 ΒΓ

117 1998 179 2062 δύο
203 1999 274 2081 είδη
298 1995 558 2082 ἀναγέγραπται,
585 1996 616 2062 δ’
629 2000 759 2082 έινχεν,
789 1995 950 2082 δεδομένα
976 2007 1023 2085 τῷ
1053 2000 1136 2062 είδει

117 2104 158 2168 τὰ
181 2107 290 2187 ΑΒΓ,
309 2107 389 2187 ΒΗ,
414 2105 511 2185 λόγος
534 2104 598 2190 ἄρα
621 2113 681 2168 τοῦ
699 2108 807 2169 ΑΒΓ
824 2105 907 2190 πρὸς
928 2104 966 2168 τὸ
986 2107 1060 2167 ΒΗ
1079 2105 1135 2168 δο-

117 2212 199 2286 θείς.
251 2210 307 2274 διδ
334 2209 375 2273 τὰ
403 2208 488 2273 αὐτὰ
511 2210 552 2292 δὴ
576 2209 678 2274 πάλιν
700 2207 756 2274 καὶ
779 2218 839 2274 τοῦ
862 2213 963 2274 ΔΕΖ
990 2210 1074 2295 πρὸς
1097 2210 1135 2274 τὸ

118 2318 184 2378 ΕΘ
206 2317 304 2397 λόγος
323 2311 392 2378 ἐστὶ
411 2314 534 2390 δοθείς.
572 2313 642 2380 ἐπεὶ
665 2312 727 2383 οὖν
751 2318 849 2398 λόγος
868 2313 943 2390 ἐστὶ,
955 2324 1015 2379 τοῦ
1034 2318 1142 2379 ΑΒΓ

64 2429 100 2479 20
118 2421 201 2504 πρὸς
223 2417 261 2484 τ’ὸ
284 2423 387 2483 ΔΕΖ
415 2421 544 2504 δοθείς,
577 2420 660 2486 όιλλδι
686 2430 747 2486 τοῦ
775 2417 836 2506 μὸν
859 2425 965 2486 ΑΒΓ
985 2423 1069 2508 πρὸς
1096 2423 1134 2486 τὸ

119 2527 193 2588 ΒΗ
220 2526 318 2606 λόγος
348 2523 417 2589 ἐστὶ
445 2527 574 2609 δοθείς,
606 2536 666 2591 τοῦ
696 2524 733 2591 δὲ
760 2531 861 2592 ΔΕΖ
893 2528 976 2613 πρὸς
1003 2529 1040 2591 τὸ
1068 2532 1136 2593 ΕΘ

118 2631 217 2711 λόγος
236 2628 305 2694 ἐστὶ
323 2631 448 2716 δοθείς,
471 2630 604 2697 καὶτοῦ
623 2636 695 2697 ΒΗ
716 2635 781 2718 ἅμα
799 2634 882 2719 πρὸς
900 2634 937 2698 τὸ
952 2637 1018 2699 ΕΘ
1037 2637 1135 2716 λόγος

119 2733 188 2800 ἐστὶ
216 2736 344 2812 δοθείς·
377 2738 460 2802 ὥστε
486 2736 542 2803 ιιαὶ
569 2747 628 2823 τῆς
655 2743 722 2804 ΒΓ
747 2740 831 2821 πρὸς
857 2741 919 2823 τὴν
945 2743 1009 2803 ΕΖ
1035 2742 1136 2821 λόγος

119 2839 188 2906 ἐστὶ
211 2843 333 2919 δοθείς.

194 3073 217 3123 1.
237 3077 293 3123 τῶν
308 3070 490 3140 (utrumquess
508 3077 558 3139 τῆς
575 3069 602 3123 b.
676 3072 759 3142 ΒΔΑ]
779 3075 851 3125 ΒΑΔ
867 3070 895 3126 b.
969 3075 994 3124 2.
1015 3069 1089 3126 ἐστιν
1107 3089 1134 3126 v.

154 3136 305 3211 τρίγωνον]
329 3157 418 3209 comp.
444 3157 528 3209 supra
552 3157 602 3194 scr.
626 3159 662 3196 m.
684 3146 698 3194 1
723 3159 749 3197 v.
844 3147 870 3195 4.
894 3141 965 3209 πρὸς
983 3140 1038 3211 τὴν
1062 3142 1133 3213 ΒΓ]

120 3210 257 3276 πολλοί.
339 3211 408 3264 Post
433 3208 533 3273 δοθείς
555 3211 619 3267 add.
640 3209 754 3266 δέδοται
773 3211 878 3280 ἄρατὸ
898 3215 982 3266 ΑΒΓ
995 3209 1134 3282 τρίγωνον

119 3285 156 3352 τῷ
176 3279 246 3334 είδει
264 3279 291 3335 b.
365 3286 389 3335 5.
409 3282 470 3353 τῆς]
488 3289 538 3336 τοῦ
557 3281 584 3336 b.
659 3288 681 3338 7.
700 3287 740 3355 τῷ
759 3281 840 3354 είδει]
861 3300 913 3336 om.
933 3283 963 3336 P.
1026 3288 1050 3337 8.
1072 3282 1120 3356 ἔχῃ

120 3366 188 3404 corr.
209 3367 243 3404 ex
263 3350 319 3422 ἔχει
337 3369 362 3405 v.
451 3358 475 3406 9.
495 3353 563 3424 τῶν]
582 3369 635 3407 om.
654 3353 719 3408 Vah.
804 3359 845 3409 12.
865 3358 940 3408 ΑΒΓ
954 3358 1120 3410 -13.νοῦ

121 3435 173 3473 om.
192 3419 220 3474 b.
295 3427 336 3476 14.
355 3423 423 3494 τῶν]
442 3431 492 3493 τῆς
509 3423 536 3478 b.
617 3429 658 3478 16,
680 3423 757 3495 έινχε
776 3425 897 3479 Vat.vb.
972 3429 1013 3479 18.
1033 3422 1121 3480 πόλιν

121 3505 173 3544 om.
193 3490 219 3545 b.
293 3497 335 3546 20.
355 3492 387 3546 τό
403 3492 485 3565 (alt.)]
505 3511 559 3550 om.
577 3493 605 3549 b.
