2400 3840
134 134 179 198 45
539 128 743 181 εοιοαααι.

134 279 223 363 πρὸς
245 277 283 340 τὸ
305 275 371 340 ὑπὸ
390 285 457 338 τῶν
475 275 570 355 Α,Γ,
594 272 638 348 ὡς
657 268 693 336 δὲ
712 270 779 353 ἡΛ
800 273 883 357 πρὸς
901 274 963 357 τὴν
982 277 1020 356 Ζ,
1043 273 1156 352 οὕτως

133 384 172 448 τὸ
199 382 262 447 ἀπὸ
284 390 343 465 τῆς
359 387 393 446 A
415 380 498 465 πρὸς
519 378 556 443 τὸ
579 377 644 444 ὑπὸ
667 388 735 443 τῶν
752 384 795 463 A,
816 383 854 463 Z,
877 379 922 456 ὡς
944 381 1010 465 ἄρα
1026 382 1064 445 τὸ
1086 380 1153 446 ἀπὸ
1185 435 1190 444 .

134 498 193 572 τῆς
215 495 248 553 A
274 488 358 573 πρὸς
384 484 514 556 τὸ,ὑπὸ
536 495 604 548 τῶν
625 490 673 567 A,
692 487 731 568 Γ,
758 485 864 561 οὕτως
886 480 923 560 τὸ
946 485 1010 553 ἀπὸ
1034 496 1094 571 τῆς
1117 494 1152 554 A

132 597 219 680 πρὸς
243 597 280 660 τὸ
303 594 368 659 ὑπὸ
392 604 460 657 τῶν
481 597 524 675 A,
545 595 581 655 Ζ.
627 590 710 656 ἄλλα
732 601 777 679 τῷ
801 589 861 676 μὲν
882 591 948 657 ὑπὸ
972 603 1040 658 τῶν
1057 599 1103 678 A,
1122 598 1159 660 Γ

97 709 211 768 εἷσον
228 699 310 766 ’ἐστὶ
337 702 374 766 τὸ
403 698 466 786 ἀπὸ
493 705 552 780 τῆς
574 701 616 762 Β·
649 697 687 761 αλ
711 697 774 784 γὰρ
801 704 844 782 A,
863 702 902 782 B,
923 701 956 762 Γ
981 698 1150 783 ἀνάλογόν

133 811 232 875 εἰσιν·
260 817 305 896 τῷ
330 802 367 871 δὲ
389 804 454 871 ὑπὸ
477 813 545 868 τῶν
567 809 610 886 A,
630 807 666 867 Z·
686 809 760 868 ἴσον
784 802 852 869 ἐστὶ
875 805 911 870 τὸ
935 804 999 869 ἀπὸ
1023 815 1082 889 τῆς
1105 812 1150 872 Ε·

133 915 179 991 ὡς
204 917 268 1000 ἄρα
289 914 327 978 τὸ
345 911 414 977 ’ἀπὸ
438 919 495 994 τῆς
518 915 550 973 Α
576 910 659 994 πρὸς
681 911 718 974 τὸ
742 910 886 1010 ἀπὸτῆς
907 915 951 995 Β,
980 911 1087 989 οὕτως
1110 915 1150 978 τὸ

134 1020 200 1086 ἀπὸ
225 1014 283 1103 τῆς
301 1024 334 1083 A
356 1019 439 1103 πρὸς
461 1017 498 1081 τὸ
522 1014 585 1080 ἀπὸ
605 1024 662 1099 τῆς
680 1021 722 1081 Ε·
745 1015 801 1082 καὶ
823 1017 868 1094 ὡς
889 1018 1043 1104 ἄραῂΑ
1064 1021 1151 1106 πρὸς

134 1129 195 1209 τὴν
214 1131 255 1209 Β,
279 1125 384 1200 οὕτως
405 1122 426 1207 ἡ
444 1128 479 1187 A
500 1123 583 1207 πρὸς
605 1124 667 1206 τὴν
680 1127 718 1187 Ε.
755 1126 852 1205 λόγος
876 1121 912 1189 δὲ
930 1134 989 1208 τῆς
1008 1131 1041 1190 A
1063 1129 1150 1213 πρὸς

79 1245 115 1293 10
132 1234 196 1314 τὴν
228 1236 259 1296 Ε
291 1233 417 1306 δοθείς·
455 1230 552 1311 λόγος
583 1230 648 1313 ἄρα
679 1227 734 1293 καὶ
765 1239 822 1312 τῆς
850 1237 883 1295 A
914 1232 997 1315 πρὸς
1022 1233 1091 1316 ,τὴν
1118 1237 1147 1298 Β

130 1338 253 1415 δοθείς.

336 1527 342 1541 .
608 1457 666 1524 κε’·
839 1547 842 1554 ¹

159 1659 164 1668 ¹
196 1584 276 1650 Ἐδιν
308 1586 370 1650 δύο
403 1583 549 1670 γραμμαὶ
581 1595 620 1670 τῇ
652 1582 744 1649 θέσει
777 1581 950 1668 δεδομέναι
982 1585 1150 1670 τέμνωσιν

79 1771 82 1775 ’
133 1691 289 1775 ἀλλήλας,
313 1691 444 1756 δέδοται
467 1692 504 1755 τὸ
528 1701 678 1775 σημεῖον,
705 1687 784 1755 καθ’
805 1689 823 1754 ὃ
846 1689 1025 1774 τέμνουσιν
1048 1692 1149 1777 ἀλλή-

78 1810 112 1858 15
132 1803 206 1882 λας,
229 1809 268 1884 τῇ
291 1796 392 1864 θέσει.

201 1907 263 1970 δύο
287 1905 349 1991 γὰρ
373 1901 519 1989 γραμμαὶ
546 1911 585 1988 τῇ
608 1901 701 1968 θέσει
730 1903 903 1988 δεδομέναι
931 1904 968 1969 αί
988 1910 1065 1990 AB,
1086 1911 1149 1972 ΓΔ

135 2011 343 2097 τεμνέτωσαν
370 2011 513 2094 ἀλλήλας
539 2011 622 2074 κατὰ
649 2011 686 2075 τὸ
709 2014 742 2074 Ε
766 2022 911 2095 σημεῖον.
961 2010 1061 2096 λέγω,
1095 2013 1148 2078 ὅτι

134 2118 239 2184 δοθέν
262 2118 330 2183 ἐστι
352 2120 390 2184 τὸ
413 2123 445 2183 Ε
465 2129 609 2203 σημεῖον.

200 2226 231 2289 εί
243 2226 307 2309 γὰρ
323 2227 377 2308 μή,
396 2237 619 2309 μεταπεσεῖται
638 2225 675 2290 τὸ
690 2229 722 2288 Ε
738 2235 882 2309 σημεῖον.
917 2228 1147 2309 μεταπεσεῖται

76 2341 112 2390 20
133 2331 197 2414 ἄρα
219 2328 275 2394 καὶ
293 2339 370 2414 μιᾶς
387 2341 455 2394 τῶν
472 2335 548 2414 AB,
564 2333 625 2395 ΓΛ
647 2331 668 2414 ἡ
686 2330 790 2407 θέσις.
830 2331 869 2396 οὐ
888 2335 1079 2415 μεταπίπτει
1100 2333 1147 2399 δέ.

134 2433 239 2501 δοθέν
262 2437 326 2520 ἄρα
350 2434 417 2500 ἐστὶ
440 2436 477 2501 τὸ
501 2441 533 2500 Ε
553 2448 697 2520 σημεῖον.

603 2689 641 2736 “3
658 2714 672 2752 τι
875 2750 878 2758 ,
902 2742 905 2749 ,

196 2776 280 2856 Ἐὰν
305 2791 439 2867 εὐθείας
470 2799 620 2875 γραμμῆς
647 2792 687 2855 τὰ
714 2788 838 2876 πέρατα
864 2785 885 2877 ᾗ
913 2791 1076 2877 δεδομένα
1103 2802 1145 2879 τῇ

136 2894 240 2979 θέσει,
264 2895 438 2979 δέδοταιὴ
462 2897 577 2962 εὐθεῖα
599 2895 638 2983 τῇ
661 2896 755 2962 θέσει
776 2896 833 2962 καὶ
854 2907 900 2986 τῷ
922 2897 1066 2982 μεγέθει.

75 3014 111 3062 25
198 3002 333 3079 εὐθείας
355 3003 417 3100 γὰρ
442 3014 590 3089 γραμμῆς
608 3005 648 3068 τὰ
665 3002 790 3089 πέρατα
808 3004 848 3068 τὰ
866 3008 955 3087 A,<B
979 3005 1146 3095 δεδομένα

203 3272 226 3320 2.
246 3267 313 3338 τῶν]
333 3267 398 3322 add
416 3285 453 3322 m
473 3266 571 3321 avat.
652 3273 677 3322 4
695 3267 745 3340 τῷ]
763 3266 795 3323 τό
813 3266 878 3322 vat.
951 3272 975 3321 6
994 3261 1143 3411 τῷῆτόο.

164 3337 209 3428 τό]
227 3342 265 3409 τῷ
283 3355 309 3392 α
373 3343 415 3392 11.
435 3338 498 3406 Seq.
512 3338 662 3392 demonstr.
677 3323 776 3407 alt'era,
794 3355 821 3392 u.
836 3354 900 3429 app.
962 3344 996 3391 14
1071 3355 1143 3395 corr

57 3462 62 3472 ,
130 3425 165 3462 ex
184 3407 202 3462 ἅ
221 3427 256 3462 m.
273 3408 368 3464 wat.
428 3415 474 3462 15
489 3414 523 3480 τῇ
541 3406 631 3481 θεοει]
652 3426 704 3464 om.
720 3411 745 3480 β.
802 3415 842 3463 16.
862 3407 927 3482 γαρ]
946 3425 1000 3463 om
1015 3425 1041 3464 ο.
1098 3415 1142 3465 18.

132 3479 174 3550 Ε]
194 3496 247 3533 om
263 3495 288 3535 a.
362 3484 402 3533 19.
423 3479 472 3552 μή]
491 3481 658 3535 δίνατονο.
731 3484 773 3536 20.
793 3480 860 3552 ἄρα]
879 3497 933 3535 om
948 3497 973 3535 a
1048 3486 1090 3538 23.
1102 3474 1143 3555 ᾖ]
