2400 3840
121 121 185 184 130
523 121 728 173 ΔΕΔΟΜΕΝΔ.

119 267 229 347 ΒΑΚ,
251 263 307 329 καὶ
325 265 621 350 συμπεπληρώσθω
641 266 677 328 τὸ
696 268 761 329 ΔΛ
779 244 1136 350 παραλληλόγραμμον.

120 369 189 436 ἐπεὶ
214 371 352 435 δοθεῖσα
374 371 463 436 ἐστιν
487 369 622 457 ἑκατέρα
645 381 712 435 τῶν
730 367 795 435 ὑπὸ
814 375 923 455 ΛΑΓ,
942 376 1055 456 ΑΚΛ,
1079 372 1137 437 καὶ

120 479 218 560 λοιπὴ
238 479 302 563 ἄρα
320 478 340 561 ἡ
359 477 423 542 ὑπὸ
442 489 510 543 τῶν
528 481 634 542 ΑΔΚ
654 477 723 542 ἐστι
742 477 1051 542 δοθεῖσα·.δέδοται
1070 481 1136 564 ἄρα

121 587 158 650 τὸ
181 588 287 649 ΑΛΚ
306 588 471 670 τρίγωνον
494 595 539 673 τῷ
564 585 658 649 εἴδει·
691 587 788 667 λόγος
812 586 876 670 ἄρα
899 584 968 649 ἐστὶ
991 595 1048 668 τῆς
1068 593 1136 651 ΑΔ

85 693 203 777 ὀπρὸς
230 693 291 774 τὴν
314 694 387 755 ΛΚ
411 691 534 766 δοθείς.
579 688 635 755 καὶ
663 689 732 755 ἐπεὶ
760 694 858 773 λόγος
886 690 954 756 ἐστὶ
980 701 1042 757 τοῦ
1067 698 1141 758 ΛΓ

120 801 203 884 πρὸς
225 799 263 862 τὸ
284 802 347 862 ΖΘ
370 798 496 873 δοθείς·
519 797 689 862 ὑπόκειται
712 797 789 883 γαρ·
812 800 871 861 καί
887 796 977 862 ἐστιν
1002 804 1076 863 ἴσον
1097 802 1135 864 τὸ

120 908 192 969 ΛΓ
220 914 264 991 τῷ
289 909 373 987 ΔΛ,
406 906 504 985 λόγος
531 904 595 989 ἄρα
621 901 677 967 καὶ
704 912 764 968 τοῦ
792 909 857 968 ΔΛ
888 905 971 989 πρὸς
1003 907 1040 970 τὸ
1070 910 1136 970 ΖΘ

121 1011 245 1087 δοθείς.
282 1013 340 1074 καί
356 1009 446 1074 ἐστιν
466 1011 643 1092 ἰσογώνιον
661 1011 698 1074 τὸ
713 1013 778 1074 ΔΛ
801 1020 846 1097 τῷ
868 1014 940 1092 ΖΘ,
963 1009 1018 1075 καὶ
1037 1014 1138 1093 λόγος

124 1115 193 1180 ἐστὶ
216 1125 276 1180 τοῦ
299 1120 365 1180 ΔΛ
391 1117 475 1201 πρὸς
497 1116 534 1179 τὸ
557 1119 632 1179 ΕΗ
655 1117 782 1200 δοθείς,
810 1120 868 1181 καί
892 1117 960 1181 ἐστι
987 1126 1044 1200 τῆς
1067 1123 1136 1182 ΛΒ

45 1249 47 1254 ·
69 1233 104 1281 10
123 1225 207 1307 πρὸς
229 1224 289 1305 τὴν
310 1226 390 1286 ΖΗ·
415 1222 585 1286 ὑπόκειται
603 1222 680 1307 γάρ·
704 1225 803 1304 λόγος
825 1225 889 1308 ἄρα
913 1222 981 1287 ἐστὶ
1003 1222 1136 1307 καὶτῆς

123 1332 196 1392 ΛΚ
217 1330 299 1414 πρὸς
321 1330 383 1412 ’τὴν
405 1332 468 1392 ΕΖ
493 1329 615 1404 δοθείς.
652 1338 709 1413 τῆς
732 1325 768 1393 δέ
791 1333 866 1393 ΔΚ
885 1331 967 1415 πρὸς
990 1332 1051 1414 τὴν
1069 1336 1137 1394 ΛΑ

123 1438 220 1517 λόγος
249 1433 317 1499 ἐστὶ
345 1435 472 1510 δοθείς·
509 1433 565 1498 καὶ
596 1444 654 1517 τῆς
680 1441 750 1499 ΑΛ
783 1438 846 1521 ἄρα
873 1437 956 1521 πρὸς
983 1438 1043 1519 τὴν
1071 1441 1137 1500 ΕΖ

123 1545 222 1624 λόγος
245 1539 313 1606 ἐστὶ
337 1542 459 1617 δοθείς.
528 1620 530 1627 Ι

608 1743 648 1783 ο.

72 1853 104 1900 15
189 1842 265 1907 Ἐὰν
292 1844 354 1908 δύο
381 1844 733 1929 παραλληλογράμμων
760 1843 836 1930 περὶ
865 1851 937 1920 ἴσας
964 1847 1087 1927 γωνίας
1115 1844 1138 1927 ἢ

122 1947 197 2035 περὶ
217 1948 354 2025 ἀνίσους
373 1947 444 2033 μέν,
464 1949 641 2034 δεδομένας
660 1948 706 2033 δέ,
726 1951 763 2013 αλ
778 1948 918 2035 πλευραὶ
936 1951 1018 2036 πρὸς
1037 1950 1137 2032 ἀλλή-

124 2062 183 2132 λας
207 2060 308 2138 λόγον
335 2059 433 2139 έχωσι
462 2055 655 2140 δεδομένον,
682 2054 738 2120 καὶ
761 2056 844 2120 αὐτὰ
867 2056 907 2119 τὰ
930 2059 1137 2142 παραλληλό-

123 2187 256 2248 γραμμα
278 2163 362 2248 πρὸς
389 2165 514 2246 ἄλληλα
537 2165 638 2245 λόγον
662 2161 723 2240 ἔξω
748 2161 935 2246 δεδομένον.

191 2269 260 2340 δύο1
286 2268 349 2353 γὰρ
380 2268 733 2354 παραλληλογράμμων
765 2279 832 2333 τῶν
859 2273 940 2351 ΑΒ,
959 2273 1034 2333 ΕΗ
1061 2269 1138 2356 περὶ

11 2368 14 2375 ’
71 2384 105 2432 20
124 2380 197 2450 λ’σας
219 2375 343 2455 γωνίας
365 2373 422 2450 τὰς
444 2375 527 2458 πρὸς
549 2386 619 2449 τοῖς
643 2378 679 2457 Γ,
700 2379 727 2438 Ζ
755 2373 775 2457 ἢ
803 2373 878 2460 περὶ
903 2374 1041 2453 ἀνίσους
1064 2377 1138 2461 μέν,

124 2478 303 2564 δεδομένας
326 2477 377 2562 δέ,
408 2481 444 2543 αἱ
464 2478 604 2565 πλευραὶ
626 2482 710 2566 πρὸς
733 2480 875 2564 ἀλλήλας
898 2485 999 2564 λόγον
1022 2482 1137 2566 ἐχέτω-

126 2603 188 2650 σαν
208 2584 397 2669 δεδομένον,
418 2584 569 2650 ’τουτέστι
592 2589 689 2669 λόγος
712 2590 793 2652 έστω
815 2597 873 2670 τῆς
890 2584 950 2672 μέν
965 2595 997 2653 Α
1003 2592 1036 2654 Γ
1053 2593 1140 2677 πρὸς

123 2694 184 2776 τὴν
207 2696 271 2756 ΕΖ
295 2693 419 2777 δοθείς,
442 2702 500 2776 τῆς
523 2688 559 2757 δέ
577 2696 646 2758 ΒΓ
663 2695 746 2779 πρὸς
769 2696 830 2778 τὴν
855 2698 937 2758 ΖΗ·
966 2697 1062 2783 λέγω,
1086 2698 1138 2764 ὅτι

123 2797 261 2863 καὶτοῦ
285 2802 346 2864 ΓΛ
368 2801 451 2887 πρὸς
474 2801 510 2864 τὸ
536 2805 600 2865 ΖΘ
622 2804 720 2884 λόγος
743 2799 811 2866 ἐστὶ
835 2802 957 2879 δοθείς.

197 3051 219 3099 1.
240 3050 322 3099 BAK
337 3046 364 3100 b.
434 3047 645 3116 σνμπληρέοσθω
663 3046 693 3101 Ρ.
767 3053 791 3100 2.
811 3047 860 3102 καὶ
879 3045 940 3101 ἐπεὶ
953 3048 1009 3102 ·Pv.
1080 3050 1138 3104 ὑπὸ

123 3117 174 3186 τὴν
194 3121 283 3184 ΑΒΔ,
302 3122 385 3171 ΚΔΒ
403 3118 430 3171 b.
522 3123 546 3170 3.
570 3119 637 3187 τῶν]
656 3117 708 3186 τήν
727 3117 754 3172 b.
842 3118 916 3173 ἐστιν
934 3137 960 3173 v,
1047 3127 1072 3175 4.
1092 3119 1137 3193 τό]

125 3205 192 3242 corr.
214 3205 248 3241 ex
266 3193 303 3260 τῷ
321 3207 357 3242 m.
377 3195 393 3242 2
413 3207 438 3242 v.
521 3193 544 3242 5.
565 3194 591 3243 Δ
597 3190 638 3260 Γ]
658 3194 714 3242 ΑΓ
728 3189 762 3258 P.⁴
847 3195 870 3244 6.
891 3189 1038 3244 ὑπόκειται
1057 3222 1091 3231 -
1112 3197 1137 3246 8.

124 3257 233 3330 δοθεὶς]
255 3276 306 3313 om.
327 3259 353 3314 b.
437 3265 460 3313 7.
480 3257 544 3331 καί]
564 3275 617 3313 om.
637 3259 701 3315 Vat.
785 3265 809 3315 8.
831 3260 916 3332 ἐστιν]
937 3278 989 3314 om.
1009 3262 1036 3315 b.
1112 3267 1137 3316 9.

123 3331 186 3401 ΛΑ]
207 3330 273 3384 Bb.
358 3329 402 3401 τό]
420 3329 472 3398 τήν
491 3331 517 3385 b.
601 3333 675 3403 ΕΗ]
698 3335 755 3385 ΖΗ
771 3332 798 3385 b.
886 3328 934 3386 καί
954 3362 987 3372 -
1008 3338 1050 3386 10.
1071 3331 1137 3404 γάρ]

125 3417 176 3453 om.
196 3401 223 3454 b.
297 3405 321 3454 9.
341 3403 406 3472 ΔΒ]
427 3406 480 3454 ΒΛ,
493 3420 518 3456 v.
592 3408 633 3457 11.
653 3403 712 3473 ΔΑ]
732 3408 780 3456 ΑΔ
799 3421 825 3458 v,
900 3408 942 3457 19.
962 3406 1139 3473 παραλληλο-

125 3469 270 3542 γράμμων]
295 3488 362 3526 corr.
384 3489 417 3526 ex
440 3473 623 3541 παραλλήλων
645 3492 681 3527 m.
701 3480 716 3527 2
736 3474 800 3529 Vat.
894 3475 969 3546 ΕΗ]
995 3477 1089 3530 ΕΘΗ
1109 3475 1137 3529 b.
