2400 3840
510 146 615 201 DATA.
1006 140 1070 206 173

56 294 89 354 et
127 288 203 352 data
238 292 288 351 est
327 284 419 372 ΒΛ).
483 292 515 351 et
557 287 669 352 datum
710 292 760 351 est
798 293 830 351 A
837 292 869 352 Γ
906 293 939 352 et
976 288 1070 353 datus

57 400 131 470 AB.
173 416 272 478 quare
300 393 399 457 etiam
425 397 490 457 AB
519 393 595 457 data
623 398 673 458 est
701 393 806 478 [prop.
830 393 946 478 LVII}
993 417 1070 480 ergo

58 506 197 585 utraque
221 505 296 583 AB,
316 502 384 563 ΒΓ
402 500 478 563 data
501 504 559 564 est.

468 799 663 866 LXXXVII.

127 941 163 1007 si
185 943 222 1005 in
246 941 403 1006 circulum
425 941 650 1026 magnitudine
670 942 782 1006 datum
806 947 895 1006 recta
912 941 999 1006 linea
1017 942 1073 1007 du·

60 1051 145 1115 citur
169 1047 360 1112 abscindens
389 1052 593 1133 segmentum
617 1048 773 1133 angdum
799 1048 912 1112 datum
935 1048 1075 1134 capiens,

59 1157 157 1221 ducta
179 1159 269 1219 recta
292 1154 368 1218 data
392 1157 441 1217 est
467 1154 699 1238 magnitudine.

125 1283 203 1325 nam
229 1260 265 1323 in
293 1260 449 1324 circulum
478 1260 702 1346 magnitudine
731 1262 842 1325 datum
871 1266 977 1326 ΑΒΓ
1002 1284 1075 1347 pro·

62 1369 199 1433 ducatur
230 1372 263 1430 A
270 1369 302 1430 Γ
330 1366 520 1430 abscindens
555 1371 759 1452 segmentum
786 1370 892 1432 ΑΕΓ
920 1369 1075 1454 angulum

61 1476 174 1539 datum
197 1472 337 1556 capiens.
384 1471 469 1556 dico,
498 1476 569 1537 ΑΓ
597 1473 707 1537 datam
740 1496 809 1538 esse
842 1475 1075 1559 magnitudine.

509 1583 657 1642 sumatur
681 1579 768 1642 enim
792 1582 940 1643 centrum
963 1579 1076 1643 circuli

372 1749 404 1797 Ε
455 1691 498 1769 A,
515 1688 548 1747 ct
568 1684 664 1748 ducta
678 1691 745 1749 ΑΛ
762 1684 960 1768 producatur
979 1685 1019 1748 ad
1038 1690 1077 1770 E,

456 1796 488 1855 et
512 1791 649 1855 ducatur
674 1794 742 1855 ΓΕ.
784 1790 879 1854 datus
903 1795 953 1854 est
975 1789 1077 1874 igitur

455 1904 476 1972 L
491 1900 594 1961 ΑΓΕ
610 1895 701 1983 (nam
719 1901 827 1960 rectus
842 1898 892 1960 est
907 1893 1077 1982 [111,31]).

455 2025 569 2068 uerum
597 2003 697 2067 etiam
724 2005 870 2078 [ΑΕΓ
897 2001 991 2064 datus
1020 2004 1078 2064 est.

368 2151 401 2200 1⁷
456 2132 554 2195 quare
579 2109 678 2173 etiam
700 2104 845 2191 reliquus
869 2109 1002 2181 [ΓΑΕ
1023 2106 1078 2170 da·
1129 2107 1132 2112 ’

320 2255 351 2304 Β
456 2221 510 2281 tus
543 2220 593 2280 est
626 2214 675 2300 [I‚
697 2216 753 2300 323
781 2236 894 2298 propp.
918 2211 981 2295 III,
1008 2211 1080 2296 Ν].

303 2312 309 2316 ’
457 2324 550 2387 datus
579 2325 630 2386 est
659 2321 762 2407 igitur
790 2320 825 2388 Δ
844 2321 946 2383 ΑΓΕ
972 2317 1078 2402 specie

67 2436 171 2520 [prop.
190 2433 273 2518 XL}
319 2431 430 2516 iaque
455 2429 540 2493 ratio
564 2433 652 2492 AE:
667 2430 739 2492 ΑΓ
761 2427 837 2491 data
861 2430 910 2490 est
939 2424 1015 2510 [def.
1035 2424 1079 2508 3].

67 2542 143 2606 data
167 2545 217 2604 est
241 2544 351 2604 autem
374 2543 442 2602 EA
464 2535 697 2620 magnitudine,
720 2534 875 2619 quoniam
899 2530 998 2597 etiam
1019 2531 1080 2594 cir-

67 2648 159 2713 culus
184 2647 277 2710 datus
303 2649 353 2710 est
376 2636 598 2730 magnitudine
623 2640 697 2724 [def.
717 2641 752 2725 53
774 2661 865 2725 prop.
885 2637 960 2722 ΠΙ]
1002 2657 1080 2721 ergo

68 2756 139 2817 AF
157 2753 233 2816 data
256 2756 307 2817 est
332 2748 555 2836 magnitudine
577 2747 683 2831 [prop.
702 2743 757 2829 Π]

140 2995 200 3064 Fig.
218 3011 274 3071 om.
295 2995 322 3050 b.
