<?xml version="1.0" encoding="UTF-8"?>
<!DOCTYPE html PUBLIC "-//W3C//DTD XHTML 1.0 Transitional//EN"
    "http://www.w3.org/TR/xhtml1/DTD/xhtml1-transitional.dtd">
<html xmlns="http://www.w3.org/1999/xhtml" xml:lang="en" lang="en">
 <head>
  <title>
</title>
<meta http-equiv="Content-Type" content="text/html;charset=utf-8" />
  <meta name='ocr-system' content='tesseract 3.04.00' />
  <meta name='ocr-capabilities' content='ocr_page ocr_carea ocr_par ocr_line ocrx_word'/>
</head>
<body>
  <div class='ocr_page' id='page_1' title='image "./euclidisoperaom05unkngoog_0150.png"; bbox 0 0 2400 3840; ppageno 0'>
   <div class='ocr_carea' id='block_1_1' title="bbox 514 170 1071 234">
    <p class='ocr_par' dir='ltr' id='par_1_1' title="bbox 514 170 1071 234">
     <span class='ocr_line' id='line_1_1' title="bbox 514 170 1071 234; baseline 0.002 -9"><span class='ocrx_word' id='word_1_1' title='bbox 514 175 618 228; x_wconf 75' lang='lat' dir='ltr'>DATA.</span> <span class='ocrx_word' id='word_1_2' title='bbox 1031 170 1071 234; x_wconf 79' lang='grc' dir='ltr'>’Π</span> 
     </span>
    </p>
   </div>
   <div class='ocr_carea' id='block_1_2' title="bbox 56 314 1083 1460">
    <p class='ocr_par' dir='ltr' id='par_1_2' title="bbox 56 314 1079 805">
     <span class='ocr_line' id='line_1_2' title="bbox 56 314 1077 403; baseline -0.005 -19"><span class='ocrx_word' id='word_1_3' title='bbox 56 323 225 384; x_wconf 87' lang='lat' dir='ltr'>rectarum</span> <span class='ocrx_word' id='word_1_4' title='bbox 247 320 327 401; x_wconf 92' lang='grc' dir='ltr'>ΗΘ,</span> <span class='ocrx_word' id='word_1_5' title='bbox 347 320 421 402; x_wconf 92' lang='grc' dir='ltr'>ΘΚ,</span> <span class='ocrx_word' id='word_1_6' title='bbox 438 320 515 380; x_wconf 87' lang='grc' dir='ltr'>ΚΗ</span> <span class='ocrx_word' id='word_1_7' title='bbox 534 317 758 403; x_wconf 72' lang='lat' dir='ltr'><strong>magnitudine</strong></span> <span class='ocrx_word' id='word_1_8' title='bbox 778 318 854 381; x_wconf 86' lang='lat' dir='ltr'>deta</span> <span class='ocrx_word' id='word_1_9' title='bbox 872 320 922 379; x_wconf 87' lang='lat' dir='ltr'>est</span> <span class='ocrx_word' id='word_1_10' title='bbox 942 315 1018 398; x_wconf 72' lang='lat' dir='ltr'>[defi</span> <span class='ocrx_word' id='word_1_11' title='bbox 1035 314 1077 398; x_wconf 90' lang='lat'>1].</span> 
     </span>
     <span class='ocr_line' id='line_1_3' title="bbox 56 420 1079 511; baseline -0.004 -21"><span class='ocrx_word' id='word_1_12' title='bbox 56 446 139 511; x_wconf 91' lang='lat' dir='ltr'>ergo</span> <span class='ocrx_word' id='word_1_13' title='bbox 159 424 342 509; x_wconf 83' lang='lat' dir='ltr'>triangulus</span> <span class='ocrx_word' id='word_1_14' title='bbox 359 427 470 488; x_wconf 97' lang='grc' dir='ltr'>ΗΘΚ</span> <span class='ocrx_word' id='word_1_15' title='bbox 486 424 580 488; x_wconf 89' lang='lat' dir='ltr'>datus</span> <span class='ocrx_word' id='word_1_16' title='bbox 599 429 649 488; x_wconf 87' lang='lat' dir='ltr'>est</span> <span class='ocrx_word' id='word_1_17' title='bbox 669 423 775 509; x_wconf 85' lang='lat' dir='ltr'>specie</span> <span class='ocrx_word' id='word_1_18' title='bbox 790 422 895 506; x_wconf 88' lang='lat' dir='ltr'><strong>[prop.</strong></span> <span class='ocrx_word' id='word_1_19' title='bbox 909 420 1079 505; x_wconf 68' lang='lat' dir='ltr'><strong>XXXIX}</strong></span> 
     </span>
     <span class='ocr_line' id='line_1_4' title="bbox 59 530 1077 614; baseline -0.005 -18"><span class='ocrx_word' id='word_1_20' title='bbox 59 535 95 596; x_wconf 85' lang='lat' dir='ltr'>et</span> <span class='ocrx_word' id='word_1_21' title='bbox 114 530 270 614; x_wconf 90' lang='lat' dir='ltr'>quoniam</span> <span class='ocrx_word' id='word_1_22' title='bbox 293 533 380 593; x_wconf 88' lang='lat' dir='ltr'>AB:</span> <span class='ocrx_word' id='word_1_23' title='bbox 397 532 514 592; x_wconf 77' lang='lat' dir='ltr'>BF=</span> <span class='ocrx_word' id='word_1_24' title='bbox 531 534 632 593; x_wconf 85' lang='lat' dir='ltr'>A:E</span> <span class='ocrx_word' id='word_1_25' title='bbox 653 534 685 593; x_wconf 94' lang='lat' dir='ltr'>et</span> <span class='ocrx_word' id='word_1_26' title='bbox 709 531 885 612; x_wconf 87' lang='grc' dir='ltr'>Δ--ΗΘ,</span> <span class='ocrx_word' id='word_1_27' title='bbox 907 530 1077 611; x_wconf 63' lang='grc' dir='ltr'>ΕπΘΚ,</span> 
     </span>
     <span class='ocr_line' id='line_1_5' title="bbox 57 634 912 717; baseline -0.007 -14"><span class='ocrx_word' id='word_1_28' title='bbox 57 638 124 703; x_wconf 85' lang='lat' dir='ltr'>crit</span> <span class='ocrx_word' id='word_1_29' title='bbox 151 641 218 702; x_wconf 92' lang='lat' dir='ltr'>AB</span> <span class='ocrx_word' id='word_1_30' title='bbox 232 660 240 700; x_wconf 78' lang='grc' dir='ltr'><strong>ι</strong></span> <span class='ocrx_word' id='word_1_31' title='bbox 255 640 323 700; x_wconf 90' lang='grc' dir='ltr'>ΒΓ</span> <span class='ocrx_word' id='word_1_32' title='bbox 333 665 374 688; x_wconf 87' lang='lat'><em>=</em></span> <span class='ocrx_word' id='word_1_33' title='bbox 388 639 428 699; x_wconf 90' lang='lat' dir='ltr'><em>H</em></span> <span class='ocrx_word' id='word_1_34' title='bbox 431 638 460 699; x_wconf 93' lang='grc' dir='ltr'>Θ</span> <span class='ocrx_word' id='word_1_35' title='bbox 473 659 480 698; x_wconf 91' lang='lat'>:</span> <span class='ocrx_word' id='word_1_36' title='bbox 498 638 570 698; x_wconf 89' lang='grc' dir='ltr'>ΘΚ</span> <span class='ocrx_word' id='word_1_37' title='bbox 616 656 729 699; x_wconf 89' lang='lat' dir='ltr'>rursus</span> <span class='ocrx_word' id='word_1_38' title='bbox 757 634 912 717; x_wconf 90' lang='lat' dir='ltr'>quoniam</span> 
     </span>
     <span class='ocr_line' id='line_1_6' title="bbox 410 743 736 805; baseline -0.003 -1"><span class='ocrx_word' id='word_1_39' title='bbox 410 743 477 804; x_wconf 89' lang='grc' dir='ltr'>ΒΓ</span> <span class='ocrx_word' id='word_1_40' title='bbox 486 764 492 804; x_wconf 96' lang='lat'><strong>:</strong></span> <span class='ocrx_word' id='word_1_41' title='bbox 509 743 569 805; x_wconf 89' lang='grc' dir='ltr'>ΓΑ</span> <span class='ocrx_word' id='word_1_42' title='bbox 583 770 625 792; x_wconf 98' lang='lat'>=</span> <span class='ocrx_word' id='word_1_43' title='bbox 640 745 690 804; x_wconf 82' lang='lat' dir='ltr'>E:</span> <span class='ocrx_word' id='word_1_44' title='bbox 709 744 736 804; x_wconf 93' lang='lat' dir='ltr'><strong>Z</strong></span> 
     </span>
    </p>

    <p class='ocr_par' dir='ltr' id='par_1_3' title="bbox 57 846 1083 1460">
     <span class='ocr_line' id='line_1_7' title="bbox 59 846 1077 930; baseline -0.006 -16"><span class='ocrx_word' id='word_1_45' title='bbox 59 853 96 914; x_wconf 85' lang='lat' dir='ltr'>et</span> <span class='ocrx_word' id='word_1_46' title='bbox 122 850 309 929; x_wconf 78' lang='lat' dir='ltr'>E=oK‚</span> <span class='ocrx_word' id='word_1_47' title='bbox 343 848 527 930; x_wconf 84' lang='lat' dir='ltr'><em>Z=HK,</em></span> <span class='ocrx_word' id='word_1_48' title='bbox 563 846 626 910; x_wconf 87' lang='lat' dir='ltr'>erit</span> <span class='ocrx_word' id='word_1_49' title='bbox 656 847 1077 910; x_wconf 75' lang='grc' dir='ltr'>ΒΓεΓΑ--ΘΚτΚΗ</span> 
     </span>
     <span class='ocr_line' id='line_1_8' title="bbox 61 952 1077 1036; baseline -0.006 -16"><span class='ocrx_word' id='word_1_50' title='bbox 61 956 122 1020; x_wconf 91' lang='lat' dir='ltr'>sed</span> <span class='ocrx_word' id='word_1_51' title='bbox 136 955 393 1018; x_wconf 84' lang='lat' dir='ltr'>demonstratum</span> <span class='ocrx_word' id='word_1_52' title='bbox 408 956 467 1036; x_wconf 87' lang='lat' dir='ltr'>est,</span> <span class='ocrx_word' id='word_1_53' title='bbox 487 973 556 1016; x_wconf 85' lang='lat' dir='ltr'>esse</span> <span class='ocrx_word' id='word_1_54' title='bbox 571 952 670 1015; x_wconf 87' lang='lat' dir='ltr'>etiam</span> <span class='ocrx_word' id='word_1_55' title='bbox 684 956 750 1016; x_wconf 88' lang='lat' dir='ltr'>AB</span> <span class='ocrx_word' id='word_1_56' title='bbox 761 975 768 1015; x_wconf 75' lang='grc' dir='ltr'><strong>ε</strong></span> <span class='ocrx_word' id='word_1_57' title='bbox 779 953 893 1016; x_wconf 88' lang='grc' dir='ltr'>ΒΓ--</span> <span class='ocrx_word' id='word_1_58' title='bbox 906 953 979 1014; x_wconf 91' lang='grc' dir='ltr'>ΘΗ</span> <span class='ocrx_word' id='word_1_59' title='bbox 985 973 991 1013; x_wconf 95' lang='lat'><strong>:</strong></span> <span class='ocrx_word' id='word_1_60' title='bbox 1005 952 1077 1014; x_wconf 94' lang='grc' dir='ltr'>ΘΚ.</span> 
     </span>
     <span class='ocr_line' id='line_1_9' title="bbox 61 1055 1077 1146; baseline -0.003 -22"><span class='ocrx_word' id='word_1_61' title='bbox 61 1082 163 1146; x_wconf 85' lang='lat' dir='ltr'>quare</span> <span class='ocrx_word' id='word_1_62' title='bbox 196 1082 235 1124; x_wconf 88' lang='lat' dir='ltr'>ex</span> <span class='ocrx_word' id='word_1_63' title='bbox 267 1080 369 1142; x_wconf 93' lang='lat' dir='ltr'>aequo</span> <span class='ocrx_word' id='word_1_64' title='bbox 403 1063 452 1122; x_wconf 87' lang='lat' dir='ltr'>est</span> <span class='ocrx_word' id='word_1_65' title='bbox 483 1062 570 1122; x_wconf 89' lang='lat' dir='ltr'>AB:</span> <span class='ocrx_word' id='word_1_66' title='bbox 586 1061 707 1122; x_wconf 79' lang='lat' dir='ltr'>Ar=</span> <span class='ocrx_word' id='word_1_67' title='bbox 725 1062 800 1122; x_wconf 91' lang='grc' dir='ltr'>ΘΗ</span> <span class='ocrx_word' id='word_1_68' title='bbox 810 1082 817 1122; x_wconf 89' lang='lat'>:</span> <span class='ocrx_word' id='word_1_69' title='bbox 831 1060 906 1121; x_wconf 89' lang='lat' dir='ltr'>HK</span> <span class='ocrx_word' id='word_1_70' title='bbox 934 1055 987 1140; x_wconf 84' lang='lat' dir='ltr'>[V,</span> <span class='ocrx_word' id='word_1_71' title='bbox 1011 1056 1077 1140; x_wconf 80' lang='grc'>22].</span> 
     </span>
     <span class='ocr_line' id='line_1_10' title="bbox 58 1162 1078 1249; baseline -0.003 -20"><span class='ocrx_word' id='word_1_72' title='bbox 58 1166 173 1248; x_wconf 85' lang='lat' dir='ltr'>itaque</span> <span class='ocrx_word' id='word_1_73' title='bbox 201 1165 236 1232; x_wconf 85' lang='grc' dir='ltr'>Δ</span> <span class='ocrx_word' id='word_1_74' title='bbox 251 1171 283 1229; x_wconf 99' lang='grc' dir='ltr'><em>Α</em></span> <span class='ocrx_word' id='word_1_75' title='bbox 289 1169 399 1229; x_wconf 71' lang='grc' dir='ltr'>ΒΓω</span> <span class='ocrx_word' id='word_1_76' title='bbox 413 1167 524 1228; x_wconf 90' lang='grc' dir='ltr'>ΗΘΚ</span> <span class='ocrx_word' id='word_1_77' title='bbox 553 1163 634 1249; x_wconf 74' lang='lat' dir='ltr'>[VL</span> <span class='ocrx_word' id='word_1_78' title='bbox 661 1165 705 1248; x_wconf 84' lang='lat'>5].</span> <span class='ocrx_word' id='word_1_79' title='bbox 759 1187 872 1230; x_wconf 91' lang='lat' dir='ltr'>uerum</span> <span class='ocrx_word' id='word_1_80' title='bbox 895 1162 1078 1248; x_wconf 89' lang='lat' dir='ltr'>triangulus</span> 
     </span>
     <span class='ocr_line' id='line_1_11' title="bbox 59 1270 1083 1356; baseline -0.003 -21"><span class='ocrx_word' id='word_1_81' title='bbox 59 1274 174 1335; x_wconf 87' lang='grc' dir='ltr'>ΗΘΚ</span> <span class='ocrx_word' id='word_1_82' title='bbox 193 1270 288 1334; x_wconf 82' lang='lat' dir='ltr'>datus</span> <span class='ocrx_word' id='word_1_83' title='bbox 311 1274 361 1334; x_wconf 86' lang='lat' dir='ltr'>est</span> <span class='ocrx_word' id='word_1_84' title='bbox 385 1270 498 1354; x_wconf 84' lang='lat' dir='ltr'>specie.</span> <span class='ocrx_word' id='word_1_85' title='bbox 545 1291 623 1355; x_wconf 90' lang='lat' dir='ltr'>ergo</span> <span class='ocrx_word' id='word_1_86' title='bbox 647 1271 747 1336; x_wconf 90' lang='lat' dir='ltr'>etiam</span> <span class='ocrx_word' id='word_1_87' title='bbox 770 1270 953 1356; x_wconf 88' lang='lat' dir='ltr'>triangulus</span> <span class='ocrx_word' id='word_1_88' title='bbox 977 1271 1083 1333; x_wconf 89' lang='grc' dir='ltr'>ΑΒΓ</span> 
     </span>
     <span class='ocr_line' id='line_1_12' title="bbox 57 1375 527 1460; baseline -0.002 -19"><span class='ocrx_word' id='word_1_89' title='bbox 57 1379 159 1441; x_wconf 86' lang='lat' dir='ltr'>datus</span> <span class='ocrx_word' id='word_1_90' title='bbox 183 1380 233 1440; x_wconf 86' lang='lat' dir='ltr'>est</span> <span class='ocrx_word' id='word_1_91' title='bbox 256 1375 362 1460; x_wconf 88' lang='lat' dir='ltr'>specie</span> <span class='ocrx_word' id='word_1_92' title='bbox 386 1375 462 1460; x_wconf 85' lang='lat' dir='ltr'>[def.</span> <span class='ocrx_word' id='word_1_93' title='bbox 483 1375 527 1459; x_wconf 85' lang='lat'>3].</span> 
     </span>
    </p>
   </div>
   <div class='ocr_carea' id='block_1_3' title="bbox 512 1553 631 1619">
    <p class='ocr_par' dir='ltr' id='par_1_4' title="bbox 512 1553 631 1619">
     <span class='ocr_line' id='line_1_13' title="bbox 512 1553 631 1619; baseline 0.008 -1"><span class='ocrx_word' id='word_1_94' title='bbox 512 1553 631 1619; x_wconf 87' lang='lat' dir='ltr'><strong>XLIII.</strong></span> 
     </span>
    </p>
   </div>
   <div class='ocr_carea' id='block_1_4' title="bbox 61 1665 1113 3238">
    <p class='ocr_par' dir='ltr' id='par_1_5' title="bbox 61 1665 1081 1964">
     <span class='ocr_line' id='line_1_14' title="bbox 133 1665 1079 1755; baseline -0.002 -26"><span class='ocrx_word' id='word_1_95' title='bbox 133 1665 167 1730; x_wconf 78' lang='lat' dir='ltr'>si</span> <span class='ocrx_word' id='word_1_96' title='bbox 190 1666 349 1753; x_wconf 82' lang='lat' dir='ltr'>trianguli</span> <span class='ocrx_word' id='word_1_97' title='bbox 371 1670 554 1755; x_wconf 85' lang='lat' dir='ltr'>rectanguli</span> <span class='ocrx_word' id='word_1_98' title='bbox 576 1669 678 1733; x_wconf 88' lang='lat' dir='ltr'>latera</span> <span class='ocrx_word' id='word_1_99' title='bbox 697 1669 890 1732; x_wconf 88' lang='lat' dir='ltr'>alterutrum</span> <span class='ocrx_word' id='word_1_100' title='bbox 910 1669 1079 1730; x_wconf 84' lang='lat' dir='ltr'>acutorum</span> 
     </span>
     <span class='ocr_line' id='line_1_15' title="bbox 64 1771 1081 1858; baseline -0.002 -22"><span class='ocrx_word' id='word_1_101' title='bbox 64 1772 263 1857; x_wconf 88' lang='lat' dir='ltr'>angulorum</span> <span class='ocrx_word' id='word_1_102' title='bbox 286 1775 592 1858; x_wconf 72' lang='lat' dir='ltr'>comprehendentia</span> <span class='ocrx_word' id='word_1_103' title='bbox 614 1774 700 1838; x_wconf 88' lang='lat' dir='ltr'>inter</span> <span class='ocrx_word' id='word_1_104' title='bbox 723 1795 757 1839; x_wconf 92' lang='lat' dir='ltr'>se</span> <span class='ocrx_word' id='word_1_105' title='bbox 780 1772 940 1837; x_wconf 85' lang='lat' dir='ltr'>rationem</span> <span class='ocrx_word' id='word_1_106' title='bbox 958 1771 1081 1835; x_wconf 92' lang='lat' dir='ltr'>hahent</span> 
     </span>
     <span class='ocr_line' id='line_1_16' title="bbox 61 1878 724 1964; baseline 0.003 -23"><span class='ocrx_word' id='word_1_107' title='bbox 61 1879 184 1962; x_wconf 84' lang='lat' dir='ltr'>datam,</span> <span class='ocrx_word' id='word_1_108' title='bbox 207 1878 392 1964; x_wconf 86' lang='lat' dir='ltr'>triangulus</span> <span class='ocrx_word' id='word_1_109' title='bbox 417 1880 511 1943; x_wconf 87' lang='lat' dir='ltr'>datus</span> <span class='ocrx_word' id='word_1_110' title='bbox 535 1884 585 1943; x_wconf 87' lang='lat' dir='ltr'>est</span> <span class='ocrx_word' id='word_1_111' title='bbox 609 1879 724 1963; x_wconf 86' lang='lat' dir='ltr'>specie.</span> 
     </span>
    </p>

    <p class='ocr_par' dir='ltr' id='par_1_6' title="bbox 61 1982 1113 3238">
     <span class='ocr_line' id='line_1_17' title="bbox 132 1982 1079 2071; baseline 0 -25"><span class='ocrx_word' id='word_1_112' title='bbox 132 2006 210 2047; x_wconf 91' lang='lat' dir='ltr'>nam</span> <span class='ocrx_word' id='word_1_113' title='bbox 235 1984 398 2070; x_wconf 67' lang='lat' dir='ltr'>¹trianguli</span> <span class='ocrx_word' id='word_1_114' title='bbox 429 1985 613 2071; x_wconf 86' lang='lat' dir='ltr'>rectanguli</span> <span class='ocrx_word' id='word_1_115' title='bbox 640 1987 746 2049; x_wconf 88' lang='grc' dir='ltr'>ΑΒΓ</span> <span class='ocrx_word' id='word_1_116' title='bbox 771 1988 898 2049; x_wconf 89' lang='lat' dir='ltr'>rectum</span> <span class='ocrx_word' id='word_1_117' title='bbox 929 1982 1079 2046; x_wconf 89' lang='lat' dir='ltr'>habentis</span> 
     </span>
     <span class='ocr_line' id='line_1_18' title="bbox 61 2089 1080 2175; baseline -0.004 -19"><span class='ocrx_word' id='word_1_118' title='bbox 61 2090 222 2175; x_wconf 80' lang='lat' dir='ltr'>angulum</span> <span class='ocrx_word' id='word_1_119' title='bbox 242 2094 343 2155; x_wconf 90' lang='grc' dir='ltr'>ΒΑΓ</span> <span class='ocrx_word' id='word_1_120' title='bbox 359 2091 462 2155; x_wconf 92' lang='lat' dir='ltr'>latera</span> <span class='ocrx_word' id='word_1_121' title='bbox 485 2092 679 2155; x_wconf 88' lang='lat' dir='ltr'>alterutrum</span> <span class='ocrx_word' id='word_1_122' title='bbox 698 2095 868 2155; x_wconf 86' lang='lat' dir='ltr'>acutorum</span> <span class='ocrx_word' id='word_1_123' title='bbox 887 2089 1080 2174; x_wconf 85' lang='lat' dir='ltr'>angulorum</span> 
     </span>
     <span class='ocr_line' id='line_1_19' title="bbox 61 2194 1080 2282; baseline -0.001 -23"><span class='ocrx_word' id='word_1_124' title='bbox 61 2195 134 2260; x_wconf 87' lang='lat' dir='ltr'>eius</span> <span class='ocrx_word' id='word_1_125' title='bbox 154 2199 259 2260; x_wconf 90' lang='grc' dir='ltr'>ΑΒΓ</span> <span class='ocrx_word' id='word_1_126' title='bbox 273 2197 580 2280; x_wconf 78' lang='lat' dir='ltr'>comprehendentia</span> <span class='ocrx_word' id='word_1_127' title='bbox 599 2200 669 2282; x_wconf 88' lang='grc' dir='ltr'>ΓΒ,</span> <span class='ocrx_word' id='word_1_128' title='bbox 683 2201 745 2261; x_wconf 91' lang='lat' dir='ltr'>BA</span> <span class='ocrx_word' id='word_1_129' title='bbox 763 2196 849 2260; x_wconf 88' lang='lat' dir='ltr'>inter</span> <span class='ocrx_word' id='word_1_130' title='bbox 868 2218 901 2262; x_wconf 89' lang='lat' dir='ltr'>se</span> <span class='ocrx_word' id='word_1_131' title='bbox 920 2194 1080 2259; x_wconf 88' lang='lat' dir='ltr'>rationem</span> 
     </span>
     <span class='ocr_line' id='line_1_20' title="bbox 61 2302 1080 2389; baseline -0.001 -23"><span class='ocrx_word' id='word_1_132' title='bbox 61 2302 206 2366; x_wconf 88' lang='lat' dir='ltr'>habeant</span> <span class='ocrx_word' id='word_1_133' title='bbox 233 2303 351 2367; x_wconf 88' lang='lat' dir='ltr'>datam.</span> <span class='ocrx_word' id='word_1_134' title='bbox 399 2303 484 2387; x_wconf 84' lang='lat' dir='ltr'>dico,</span> <span class='ocrx_word' id='word_1_135' title='bbox 516 2303 715 2389; x_wconf 84' lang='lat' dir='ltr'>triangulum</span> <span class='ocrx_word' id='word_1_136' title='bbox 740 2306 845 2367; x_wconf 91' lang='grc' dir='ltr'>ΑΒΓ</span> <span class='ocrx_word' id='word_1_137' title='bbox 871 2302 984 2366; x_wconf 86' lang='lat' dir='ltr'>datum</span> <span class='ocrx_word' id='word_1_138' title='bbox 1011 2322 1080 2365; x_wconf 88' lang='lat' dir='ltr'>esse</span> 
     </span>
     <span class='ocr_line' id='line_1_21' title="bbox 65 2406 183 2491; baseline -0.008 -19"><span class='ocrx_word' id='word_1_139' title='bbox 65 2406 183 2491; x_wconf 85' lang='lat' dir='ltr'>specie.</span> 
     </span>
     <span class='ocr_line' id='line_1_22' title="bbox 76 2509 1082 2602; baseline 0 -26"><span class='ocrx_word' id='word_1_140' title='bbox 76 2509 79 2513; x_wconf 66' lang='grc'><em>’</em></span> <span class='ocrx_word' id='word_1_141' title='bbox 132 2517 273 2597; x_wconf 87' lang='lat' dir='ltr'>ponatur</span> <span class='ocrx_word' id='word_1_142' title='bbox 296 2515 383 2579; x_wconf 91' lang='lat' dir='ltr'>enim</span> <span class='ocrx_word' id='word_1_143' title='bbox 405 2519 495 2580; x_wconf 87' lang='lat' dir='ltr'>recta</span> <span class='ocrx_word' id='word_1_144' title='bbox 517 2515 679 2600; x_wconf 81' lang='lat' dir='ltr'>positione</span> <span class='ocrx_word' id='word_1_145' title='bbox 703 2522 736 2581; x_wconf 86' lang='lat' dir='ltr'>et</span> <span class='ocrx_word' id='word_1_146' title='bbox 759 2515 983 2602; x_wconf 81' lang='lat' dir='ltr'>magnitudine</span> <span class='ocrx_word' id='word_1_147' title='bbox 1006 2515 1082 2577; x_wconf 87' lang='lat' dir='ltr'>data</span> 
     </span>
     <span class='ocr_line' id='line_1_23' title="bbox 63 2619 1113 2703; baseline -0.002 -19"><span class='ocrx_word' id='word_1_148' title='bbox 63 2623 142 2701; x_wconf 84' lang='lat' dir='ltr'>AB,</span> <span class='ocrx_word' id='word_1_149' title='bbox 163 2623 196 2684; x_wconf 92' lang='lat' dir='ltr'>et</span> <span class='ocrx_word' id='word_1_150' title='bbox 214 2619 249 2683; x_wconf 91' lang='lat' dir='ltr'>in</span> <span class='ocrx_word' id='word_1_151' title='bbox 268 2625 338 2685; x_wconf 86' lang='grc' dir='ltr'>ΔΕ</span> <span class='ocrx_word' id='word_1_152' title='bbox 359 2621 561 2686; x_wconf 80' lang='lat' dir='ltr'>describatur</span> <span class='ocrx_word' id='word_1_153' title='bbox 580 2622 801 2688; x_wconf 83' lang='lat' dir='ltr'>semicirculus</span> <span class='ocrx_word' id='word_1_154' title='bbox 821 2625 935 2686; x_wconf 82' lang='grc' dir='ltr'>ΔΗΕ.</span> <span class='ocrx_word' id='word_1_155' title='bbox 972 2619 984 2682; x_wconf 91' lang='lat' dir='ltr'>i</span> <span class='ocrx_word' id='word_1_156' title='bbox 1001 2641 1081 2703; x_wconf 87' lang='lat' dir='ltr'>aque</span> <span class='ocrx_word' id='word_1_157' title='bbox 1104 2634 1113 2651; x_wconf 91' lang='lat'><strong>·</strong></span> 
     </span>
     <span class='ocr_line' id='line_1_24' title="bbox 62 2724 1082 2813; baseline 0.001 -25"><span class='ocrx_word' id='word_1_158' title='bbox 62 2724 287 2790; x_wconf 89' lang='lat' dir='ltr'>semicirculus</span> <span class='ocrx_word' id='word_1_159' title='bbox 316 2731 427 2791; x_wconf 87' lang='grc' dir='ltr'>ΔΗΕ</span> <span class='ocrx_word' id='word_1_160' title='bbox 456 2729 550 2792; x_wconf 87' lang='lat' dir='ltr'>datus</span> <span class='ocrx_word' id='word_1_161' title='bbox 578 2732 629 2792; x_wconf 83' lang='lat' dir='ltr'>est</span> <span class='ocrx_word' id='word_1_162' title='bbox 657 2728 820 2813; x_wconf 88' lang='lat' dir='ltr'>positione</span> <span class='ocrx_word' id='word_1_163' title='bbox 848 2728 924 2812; x_wconf 82' lang='lat' dir='ltr'>[def.</span> <span class='ocrx_word' id='word_1_164' title='bbox 949 2726 993 2809; x_wconf 80' lang='lat'>8].</span> <span class='ocrx_word' id='word_1_165' title='bbox 1049 2729 1082 2789; x_wconf 86' lang='lat' dir='ltr'>et</span> 
     </span>
     <span class='ocr_line' id='line_1_25' title="bbox 64 2831 1082 2919; baseline 0.002 -25"><span class='ocrx_word' id='word_1_166' title='bbox 64 2831 220 2916; x_wconf 91' lang='lat' dir='ltr'>quoniam</span> <span class='ocrx_word' id='word_1_167' title='bbox 238 2832 324 2897; x_wconf 88' lang='lat' dir='ltr'>ratio</span> <span class='ocrx_word' id='word_1_168' title='bbox 344 2837 406 2898; x_wconf 91' lang='grc' dir='ltr'>ΓΒ</span> <span class='ocrx_word' id='word_1_169' title='bbox 420 2858 427 2898; x_wconf 88' lang='lat'>:</span> <span class='ocrx_word' id='word_1_170' title='bbox 442 2839 505 2898; x_wconf 90' lang='lat' dir='ltr'>BA</span> <span class='ocrx_word' id='word_1_171' title='bbox 526 2835 601 2898; x_wconf 86' lang='lat' dir='ltr'>data</span> <span class='ocrx_word' id='word_1_172' title='bbox 619 2840 679 2919; x_wconf 75' lang='lat' dir='ltr'>est,</span> <span class='ocrx_word' id='word_1_173' title='bbox 702 2834 846 2918; x_wconf 84' lang='lat' dir='ltr'>aequalis</span> <span class='ocrx_word' id='word_1_174' title='bbox 870 2835 899 2898; x_wconf 89' lang='lat' dir='ltr'>ei</span> <span class='ocrx_word' id='word_1_175' title='bbox 917 2833 975 2896; x_wconf 89' lang='lat' dir='ltr'>fiat</span> <span class='ocrx_word' id='word_1_176' title='bbox 998 2831 1082 2896; x_wconf 85' lang='lat' dir='ltr'>ratio</span> 
     </span>
     <span class='ocr_line' id='line_1_26' title="bbox 66 2937 1083 3024; baseline -0.002 -22"><span class='ocrx_word' id='word_1_177' title='bbox 66 2942 158 3002; x_wconf 84' lang='lat' dir='ltr'>AB:</span> <span class='ocrx_word' id='word_1_178' title='bbox 175 2942 210 3002; x_wconf 91' lang='lat' dir='ltr'>Z.</span> <span class='ocrx_word' id='word_1_179' title='bbox 248 2943 357 3024; x_wconf 86' lang='lat' dir='ltr'>itaque</span> <span class='ocrx_word' id='word_1_180' title='bbox 381 2940 481 3004; x_wconf 88' lang='lat' dir='ltr'>etiam</span> <span class='ocrx_word' id='word_1_181' title='bbox 504 2940 589 3004; x_wconf 88' lang='lat' dir='ltr'>ratio</span> <span class='ocrx_word' id='word_1_182' title='bbox 613 2944 683 3005; x_wconf 84' lang='lat' dir='ltr'>AB</span> <span class='ocrx_word' id='word_1_183' title='bbox 695 2944 746 3004; x_wconf 89' lang='lat' dir='ltr'>:Z</span> <span class='ocrx_word' id='word_1_184' title='bbox 770 2940 847 3004; x_wconf 89' lang='lat' dir='ltr'>data</span> <span class='ocrx_word' id='word_1_185' title='bbox 869 2944 919 3003; x_wconf 88' lang='lat' dir='ltr'>est</span> <span class='ocrx_word' id='word_1_186' title='bbox 944 2937 1019 3021; x_wconf 86' lang='lat' dir='ltr'>[def.</span> <span class='ocrx_word' id='word_1_187' title='bbox 1039 2937 1083 3020; x_wconf 79' lang='lat'>2].</span> 
     </span>
     <span class='ocr_line' id='line_1_27' title="bbox 66 3044 1083 3130; baseline -0.002 -22"><span class='ocrx_word' id='word_1_188' title='bbox 66 3045 125 3109; x_wconf 87' lang='lat' dir='ltr'>sed</span> <span class='ocrx_word' id='word_1_189' title='bbox 161 3045 237 3109; x_wconf 89' lang='lat' dir='ltr'>data</span> <span class='ocrx_word' id='word_1_190' title='bbox 270 3049 320 3110; x_wconf 87' lang='lat' dir='ltr'>est</span> <span class='ocrx_word' id='word_1_191' title='bbox 352 3051 441 3111; x_wconf 89' lang='lat' dir='ltr'>recta</span> <span class='ocrx_word' id='word_1_192' title='bbox 468 3052 544 3112; x_wconf 87' lang='grc' dir='ltr'>ΛΕ.</span> <span class='ocrx_word' id='word_1_193' title='bbox 599 3068 698 3130; x_wconf 88' lang='lat' dir='ltr'>quare</span> <span class='ocrx_word' id='word_1_194' title='bbox 733 3047 833 3111; x_wconf 89' lang='lat' dir='ltr'>etiam</span> <span class='ocrx_word' id='word_1_195' title='bbox 862 3050 889 3109; x_wconf 91' lang='lat' dir='ltr'>Z</span> <span class='ocrx_word' id='word_1_196' title='bbox 925 3044 1001 3108; x_wconf 89' lang='lat' dir='ltr'>data</span> <span class='ocrx_word' id='word_1_197' title='bbox 1033 3048 1083 3107; x_wconf 87' lang='lat' dir='ltr'>est</span> 
     </span>
     <span class='ocr_line' id='line_1_28' title="bbox 65 3149 1082 3238; baseline -0.001 -24"><span class='ocrx_word' id='word_1_198' title='bbox 65 3151 173 3236; x_wconf 89' lang='lat' dir='ltr'>[prop.</span> <span class='ocrx_word' id='word_1_199' title='bbox 197 3150 254 3234; x_wconf 73' lang='lat' dir='ltr'>Ill.</span> <span class='ocrx_word' id='word_1_200' title='bbox 306 3157 338 3216; x_wconf 95' lang='lat' dir='ltr'>et</span> <span class='ocrx_word' id='word_1_201' title='bbox 366 3158 416 3217; x_wconf 87' lang='lat' dir='ltr'>est</span> <span class='ocrx_word' id='word_1_202' title='bbox 446 3156 552 3226; x_wconf 92' lang='grc' dir='ltr'>ΓΒ&gt;</span> <span class='ocrx_word' id='word_1_203' title='bbox 569 3157 631 3217; x_wconf 91' lang='grc' dir='ltr'>ΒΑ</span> <span class='ocrx_word' id='word_1_204' title='bbox 660 3153 704 3238; x_wconf 87' lang='grc'>[1,</span> <span class='ocrx_word' id='word_1_205' title='bbox 732 3152 795 3235; x_wconf 86' lang='grc'><strong>19].</strong></span> <span class='ocrx_word' id='word_1_206' title='bbox 844 3152 955 3234; x_wconf 87' lang='lat' dir='ltr'>iaque</span> <span class='ocrx_word' id='word_1_207' title='bbox 982 3149 1082 3214; x_wconf 87' lang='lat' dir='ltr'>etiam</span> 
     </span>
    </p>
   </div>
   <div class='ocr_carea' id='block_1_5' title="bbox 63 3296 1084 3585">
    <p class='ocr_par' dir='ltr' id='par_1_7' title="bbox 65 3296 1084 3369">
     <span class='ocr_line' id='line_1_29' title="bbox 65 3296 1084 3369; baseline -0.001 -18"><span class='ocrx_word' id='word_1_208' title='bbox 65 3296 170 3351; x_wconf 87' lang='lat' dir='ltr'>deinde</span> <span class='ocrx_word' id='word_1_209' title='bbox 192 3299 263 3353; x_wconf 89' lang='lat' dir='ltr'>dem.</span> <span class='ocrx_word' id='word_1_210' title='bbox 284 3298 375 3353; x_wconf 90' lang='lat' dir='ltr'>altera</span> <span class='ocrx_word' id='word_1_211' title='bbox 397 3299 598 3369; x_wconf 85' lang='lat' dir='ltr'>propositionis</span> <span class='ocrx_word' id='word_1_212' title='bbox 621 3300 665 3369; x_wconf 72' lang='lat' dir='ltr'>ly&#39;</span> <span class='ocrx_word' id='word_1_213' title='bbox 690 3302 719 3354; x_wconf 87' lang='lat' dir='ltr'>et</span> <span class='ocrx_word' id='word_1_214' title='bbox 740 3316 850 3368; x_wconf 89' lang='lat' dir='ltr'>propos.</span> <span class='ocrx_word' id='word_1_215' title='bbox 870 3298 915 3353; x_wconf 64' lang='grc' dir='ltr'>ω’</span> <span class='ocrx_word' id='word_1_216' title='bbox 934 3313 1023 3365; x_wconf 89' lang='lat' dir='ltr'>usque</span> <span class='ocrx_word' id='word_1_217' title='bbox 1047 3298 1084 3350; x_wconf 89' lang='lat' dir='ltr'>ad</span> 
     </span>
    </p>

    <p class='ocr_par' dir='ltr' id='par_1_8' title="bbox 63 3367 1082 3585">
     <span class='ocr_line' id='line_1_30' title="bbox 63 3367 1081 3442; baseline 0.001 -21"><span class='ocrx_word' id='word_1_218' title='bbox 63 3387 93 3439; x_wconf 87' lang='lat' dir='ltr'>p.</span> <span class='ocrx_word' id='word_1_219' title='bbox 106 3374 149 3438; x_wconf 81' lang='lat'>58,</span> <span class='ocrx_word' id='word_1_220' title='bbox 165 3375 206 3424; x_wconf 88' lang='lat'>10.</span> <span class='ocrx_word' id='word_1_221' title='bbox 227 3367 318 3425; x_wconf 72' lang='grc' dir='ltr'><strong><em>δοθὲν</em></strong></span> <span class='ocrx_word' id='word_1_222' title='bbox 333 3369 397 3438; x_wconf 76' lang='grc' dir='ltr'><em>ἄρα.</em></span> <span class='ocrx_word' id='word_1_223' title='bbox 454 3377 495 3426; x_wconf 75' lang='grc'>17.</span> <span class='ocrx_word' id='word_1_224' title='bbox 514 3380 569 3426; x_wconf 78' lang='grc' dir='ltr'>τῶν</span> <span class='ocrx_word' id='word_1_225' title='bbox 585 3373 658 3442; x_wconf 84' lang='lat' dir='ltr'>(pr.)]</span> <span class='ocrx_word' id='word_1_226' title='bbox 677 3370 728 3438; x_wconf 79' lang='grc' dir='ltr'>τήν</span> <span class='ocrx_word' id='word_1_227' title='bbox 747 3389 777 3439; x_wconf 86' lang='lat' dir='ltr'>v,</span> <span class='ocrx_word' id='word_1_228' title='bbox 800 3373 868 3424; x_wconf 86' lang='lat' dir='ltr'>mut.</span> <span class='ocrx_word' id='word_1_229' title='bbox 888 3369 918 3423; x_wconf 92' lang='lat' dir='ltr'>in</span> <span class='ocrx_word' id='word_1_230' title='bbox 936 3377 991 3423; x_wconf 81' lang='grc' dir='ltr'>τῶν</span> <span class='ocrx_word' id='word_1_231' title='bbox 1010 3387 1045 3424; x_wconf 89' lang='lat' dir='ltr'>m.</span> <span class='ocrx_word' id='word_1_232' title='bbox 1057 3376 1081 3423; x_wconf 80' lang='grc'>2.</span> 
     </span>
     <span class='ocr_line' id='line_1_31' title="bbox 104 3441 1082 3513; baseline 0.003 -21"><span class='ocrx_word' id='word_1_233' title='bbox 104 3444 145 3494; x_wconf 89' lang='lat'>18.</span> <span class='ocrx_word' id='word_1_234' title='bbox 174 3442 273 3512; x_wconf 75' lang='grc' dir='ltr'><strong>αὐτοῦ]</strong></span> <span class='ocrx_word' id='word_1_235' title='bbox 303 3458 387 3510; x_wconf 88' lang='lat' dir='ltr'>supra</span> <span class='ocrx_word' id='word_1_236' title='bbox 405 3459 441 3496; x_wconf 91' lang='lat' dir='ltr'>m.</span> <span class='ocrx_word' id='word_1_237' title='bbox 463 3448 477 3495; x_wconf 92' lang='grc'>1</span> <span class='ocrx_word' id='word_1_238' title='bbox 497 3442 561 3496; x_wconf 82' lang='lat' dir='ltr'>Vat.</span> <span class='ocrx_word' id='word_1_239' title='bbox 660 3441 723 3513; x_wconf 83' lang='grc' dir='ltr'><strong><em>τήν]</em></strong></span> <span class='ocrx_word' id='word_1_240' title='bbox 752 3458 820 3496; x_wconf 90' lang='lat' dir='ltr'>corr.</span> <span class='ocrx_word' id='word_1_241' title='bbox 841 3458 874 3495; x_wconf 85' lang='lat' dir='ltr'>ex</span> <span class='ocrx_word' id='word_1_242' title='bbox 892 3450 947 3495; x_wconf 82' lang='grc' dir='ltr'>τῶν</span> <span class='ocrx_word' id='word_1_243' title='bbox 965 3458 1000 3495; x_wconf 89' lang='lat' dir='ltr'>m.</span> <span class='ocrx_word' id='word_1_244' title='bbox 1021 3447 1037 3494; x_wconf 77' lang='grc'>2</span> <span class='ocrx_word' id='word_1_245' title='bbox 1057 3459 1082 3495; x_wconf 90' lang='lat' dir='ltr'>v.</span> 
     </span>
     <span class='ocr_line' id='line_1_32' title="bbox 102 3514 877 3585; baseline 0.005 -21"><span class='ocrx_word' id='word_1_246' title='bbox 102 3519 159 3565; x_wconf 80' lang='grc' dir='ltr'>τῶν</span> <span class='ocrx_word' id='word_1_247' title='bbox 178 3516 261 3566; x_wconf 87' lang='grc' dir='ltr'>ΑΒΓ</span> <span class='ocrx_word' id='word_1_248' title='bbox 275 3530 300 3566; x_wconf 89' lang='lat' dir='ltr'>v.</span> <span class='ocrx_word' id='word_1_249' title='bbox 375 3518 417 3567; x_wconf 82' lang='lat'>23.</span> <span class='ocrx_word' id='word_1_250' title='bbox 437 3514 556 3585; x_wconf 79' lang='lat' dir='ltr'>A(alt.)]</span> <span class='ocrx_word' id='word_1_251' title='bbox 575 3520 597 3568; x_wconf 89' lang='lat' dir='ltr'><em>A</em></span> <span class='ocrx_word' id='word_1_252' title='bbox 616 3514 689 3584; x_wconf 86' lang='lat' dir='ltr'>Vat,</span> <span class='ocrx_word' id='word_1_253' title='bbox 710 3530 778 3568; x_wconf 89' lang='lat' dir='ltr'>corr.</span> <span class='ocrx_word' id='word_1_254' title='bbox 797 3531 833 3568; x_wconf 93' lang='lat' dir='ltr'>m.</span> <span class='ocrx_word' id='word_1_255' title='bbox 853 3519 877 3568; x_wconf 79' lang='lat'>2.</span> 
     </span>
    </p>
   </div>
   <div class='ocr_carea' id='block_1_6' title="bbox 0 0 1217 3840">
    <p class='ocr_par' dir='ltr' id='par_1_9' title="bbox 0 0 1217 3840">
     <span class='ocr_line' id='line_1_33' title="bbox 0 0 1217 3840; baseline 0 0"><span class='ocrx_word' id='word_1_256' title='bbox 0 0 1217 3840; x_wconf 95' lang='lat' dir='ltr'> </span> 
     </span>
    </p>
   </div>
  </div>
 </body>
</html>
