2400 3840
517 194 680 245 SCHOLIA.
749 201 753 206 '
1038 190 1102 254 277

462 387 514 453 Ad
536 410 627 473 prop.
651 387 739 453 XIV.

157 515 208 578 64.
246 512 281 576 P.
300 515 357 597 26,
383 512 439 596 17]
468 514 531 577 κᾶν
553 536 588 577 τε
612 519 668 577 λ’σοι
690 507 711 598 ᾖ
734 512 775 577 τδι
798 518 879 597 ΑΒ,
900 516 960 578 ΓΖ
984 515 1046 578 κόν
1069 538 1104 578 τε

87 622 197 684 ἄνισοι.

156 745 207 809 66.
241 746 351 826 Λόγος
379 745 444 830 ἄρα
466 752 527 808 τοῦ
550 748 617 808 ΒΑ
639 768 670 828 p.
692 744 748 828 26,
768 743 915 827 21—22]
945 753 1013 808 τῶν
1040 745 1103 831 γὰρ

88 848 278 936 δεδομένων
301 857 454 935 μεγεθῶν
477 849 495 914 6
519 852 617 932 λόγος
639 851 723 934 πρὸς
746 851 871 932 ἄλληλα
895 849 1036 916 δέδοται.
1142 859 1159 907 5

156 976 208 1039 66.
232 977 342 1057 Λόγος
360 975 424 1060 ἄρα
442 972 498 1037 καὶ
517 981 577 1037 τοῦ
596 977 666 1037 ΗΒ
688 996 719 1056 p.
730 974 783 1059 28,
797 973 899 1057 6-7]
924 974 1036 1039 διὰτὸ
1057 971 1104 1058 ιβ’

88 1092 148 1148 τοῦ
167 1079 196 1146 ε’
216 1078 271 1145 καὶ
290 1080 401 1145 διὰτὸ
422 1078 660 1165 ἀντιστρόφιον
678 1087 738 1144 τοῦ
758 1079 849 1166 ὅρον.
883 1076 951 1145 ἐπεὶ
972 1078 1105 1145 δέδοται

88 1188 106 1253 6
134 1197 194 1253 τοῦ
218 1191 283 1252 ΑΒ
311 1187 395 1272 πρὸς
419 1188 478 1249 ΓΛ
506 1187 604 1268 λόγος
630 1187 688 1248 καί
714 1184 804 1250 ἐστιν
832 1185 850 1250 6
874 1185 974 1262 αὐτὸς
1002 1186 1020 1251 6
1043 1195 1104 1251 τοῦ

87 1300 156 1359 ΗΑ
179 1295 261 1378 πρὸς
282 1296 352 1376 ΖΓ,
376 1289 508 1356 δέδοται
526 1289 582 1355 κοιλ
601 1289 706 1368 οὕτως
725 1291 743 1356 6
762 1299 822 1355 τοῦ
842 1295 913 1356 ΗΒ
931 1294 1015 1378 πρὸς
1034 1298 1104 1357 ΖΛ.

155 1420 207 1483 67.
242 1416 318 1481 Ἐὰν
346 1413 383 1480 δέ
409 1417 598 1500 ποιήσωμεν
626 1415 671 1491 ὡς
697 1417 734 1480 τὸ
762 1419 829 1480 ΑΒ
856 1417 939 1502 πρὸς
966 1417 1003 1481 τὸ
1034 1420 1104 1500 ΓΛ,
1124 1427 1158 1476 10

89 1524 195 1601 οὕτως
217 1525 254 1588 τὸ
278 1528 347 1588 ΑΒ
367 1523 450 1607 πρὸς
472 1523 509 1586 τὸ
534 1520 597 1585 ἀπὸ
621 1529 681 1585 τοῦ
701 1521 767 1585 Γ“
751 1544 795 1596 ως
819 1518 923 1585 ἐπὶ
894 1545 931 1586 το
952 1526 990 1605 Ζ,
1013 1522 1104 1607 εὑρε-

88 1632 227 1714 θήσεται
251 1629 288 1693 τὸ
313 1633 375 1692 ΖΛ
399 1635 459 1692 τοῦ
482 1609 546 1691 ΕΒ
570 1624 708 1691 δοθέντι
730 1624 944 1711 μεῖζονῆέν
966 1630 1064 1715 λόγῳ

466 1839 519 1904 Ad
540 1862 630 1924 prop.
654 1838 725 1904 XV.

156 1969 206 2032 68.
236 1970 341 2030 Τοῦτο
361 1965 598 2051 ἀντιστρόφιόν
616 1986 687 2041 τως
700 1971 760 2029 τοῦ
773 1965 838 2049 πρὸ
853 1964 966 2029 αὐτοῦ.
996 1962 1105 2041 δείξας

88 2073 167 2159 γάρ,
200 2073 251 2138 ὅτι
284 2072 342 2137 ἐὰν
371 2078 540 2159 προστεθῇ
569 2070 730 2156 δεδομένα
756 2069 881 2156 μεγέθη
908 2081 979 2147 τοῖς
1010 2069 1104 2135 δεδο-
1124 2081 1157 2131 16

89 2179 190 2265 μένον
217 2182 331 2263 έχουσι
357 2181 474 2261 λόγον,
501 2186 566 2242 νῦν
593 2175 648 2242 καὶ
676 2177 830 2262 ἀφαιρῶν
858 2177 898 2241 τδι
925 2177 1009 2241 αὐτοὶ
1037 2186 1106 2240 τῶν

89 2285 200 2351 αὐτῶν
224 2285 373 2350 δείκνυσι
396 2286 433 2350 τὸ
457 2284 548 2349 αὐτό.

461 2497 514 2562 Ad
535 2519 627 2582 prop.
650 2497 739 2562 XVI.

157 2623 208 2687 69.
238 2620 306 2686 Καὶ
325 2627 443 2687 λοιποῦ
462 2631 522 2687 τοῦ
540 2627 610 2686 ΗΒ
633 2647 663 2707 p.
680 2624 732 2707 30,
745 2622 892 2706 23724]
916 2620 972 2686 καὶ
990 2622 1103 2705 δῆλον,

91 2727 141 2791 ότι
174 2725 230 2792 καὶ
258 2732 377 2793 λοιποῦ
409 2737 469 2793 τοῦ
494 2733 564 2793 ΗΒ
596 2730 679 2816 πρὸς
707 2731 825 2794 λοιπὸν
851 2729 888 2792 τὸ
912 2732 975 2792 ΕΛ
1007 2730 1104 2810 λόγος
1123 2738 1157 2788 20

91 2832 159 2897 ἐστὶ
183 2832 298 2910 δοθεὶς
322 2835 438 2899 διὰτὸ
463 2833 514 2899 ιθ’
538 2842 598 2898 τοῦ
622 2833 650 2898 ε’
674 2845 741 2899 τῶν
765 2836 945 2916 στοιχείων.

163 3079 242 3134 64η]
316 3084 357 3133 66.
377 3079 520 3147 1²1an
537 3095 643 3149 p.ro.em
658 3077 796 3133 διδιτδα
818 3096 840 3134 c.
910 3082 996 3132 66.
1059 3082 1100 3130 67.

89 3150 351 3218 PIVatNJvMonoo
414 3156 457 3205 68.
476 3150 584 3205 P1Vat
590 3150 687 3206 vMon
693 3149 839 3218 Ambrmoo
902 3153 944 3203 69.
963 3147 1101 3214 ΡΝελ.ρ.

162 3406 185 3454 6.
211 3398 292 3471 πρός]
312 3399 326 3453 6
345 3398 416 3466 πρός
433 3398 451 3452 l.
543 3405 585 3453 11.
604 3398 636 3452 τό
650 3398 733 3469 (616)]
751 3405 801 3452 τοῦ
819 3397 858 3451 Ισ.
945 3395 993 3538 63}
1013 3412 1102 3464 comp.

89 3471 163 3540 Vat„
183 3470 254 3538 πρός
272 3492 296 3538 ρ.
357 3477 398 3524 14.
417 3469 628 3540 ἀντιστρόφιόν]
647 3470 674 3524 όι.
695 3468 751 3523 ἐστι
768 3467 864 3522 Ambr.
919 3485 978 3529 πως
1008 3483 1063 3522 τιον
1078 3487 1101 3535 ρ.

127 3547 167 3596 19.
187 3539 248 3613 καί]
267 3542 304 3603 ὡς
323 3561 346 3610 ρ.
420 3547 462 3595 20.
483 3542 550 3613 ΗΒ]
570 3545 624 3595 ΒΕ
642 3561 665 3610 ρ.
