2400 3840
88 176 90 178 ’
118 196 183 260 134
519 199 722 251 AEAOMENA.

117 343 153 406 τὸ
177 345 283 406 ΑΓΚ
304 346 468 427 τρίγωνον
490 353 536 429 τῷ
560 342 653 406 είδει·
683 345 781 424 λόγος
804 344 868 426 ἀρα
891 340 959 406 ἐστὶ
982 351 1039 424 τῆς
1062 346 1134 406 ΑΓ

58 455 63 465 ’
116 449 199 530 πρὸς
221 449 283 530 τὴν
303 451 369 512 ΓΚ
390 449 518 524 δοθείς·
542 456 599 532 τῆς
622 445 659 513 δὲ
677 454 710 513 Α
717 452 748 513 Γ
765 449 848 533 πρὸς
866 450 926 531 τὴν
945 453 1008 512 ΕΖ
1032 451 1130 530 λόγος

117 552 186 618 ἐστὶ
209 554 336 630 δοθείς·
360 552 415 619 καὶ
433 564 491 638 τῆς
511 559 576 620 ΓΚ
597 557 661 641 ἀρα
678 557 761 641 πρὸς
779 557 840 638 τὴν
858 560 922 618 ΕΖ
946 557 1043 636 λόγος
1060 553 1129 618 ἐστὶ

118 661 241 736 δοθείς.
292 663 360 725 ἔστι
393 658 430 725 δὲ
461 659 516 725 καὶ
549 670 607 744 τῆς
635 664 695 725 ΓΒ
727 663 811 747 πρὸς
842 663 903 744 τὴν
932 665 1003 725 ΖΗ
1032 664 1130 743 λόγος

82 778 97 825 5
115 767 242 849 δοθείς,
265 771 323 831 καί
344 766 433 832 ἐστιν
458 773 511 850 ίση
534 766 555 850 ἡ
577 767 643 832 ὑπὸ
666 779 734 832 τῶν
752 772 850 833 ΚΓΒ
873 771 978 849 γωνία
1001 777 1040 852 τῇ
1063 767 1129 831 ὑπὸ

115 884 183 938 τῶν
215 878 335 938 ΕΖΗ·
373 877 470 956 λόγος
502 875 567 959 ἀρα
599 872 668 937 ἐστὶ
700 883 759 938 τοῦ
789 878 849 938 ΓΛ
880 875 963 959 πρὸς
995 874 1031 937 τὸ
1067 878 1130 937 ΖΘ

119 981 243 1056 δοθείς.
290 986 363 1045 ίσον
387 977 424 1044 δὲ
446 982 483 1045 τὸ
508 983 568 1044 ΓΛ
590 989 635 1067 τῷ
660 984 733 1044 ΓΛ·
765 983 863 1062 λόγος
890 982 954 1065 ἀρα
978 978 1045 1044 ἐστὶ
1069 989 1129 1043 τοῦ

120 1089 181 1150 ΓΔ
203 1087 286 1172 πρὸς
305 1087 345 1152 ,τὸ
370 1091 434 1151 ΖΘ
457 1087 580 1162 δοθείς.

595 1305 658 1345 οα.

63 1415 96 1463 10
181 1402 257 1468 Ἐάν
281 1405 342 1469 δύο
365 1405 539 1490 τριγώνων
566 1403 642 1490 περὶ
670 1410 743 1481 ίσας
765 1409 889 1486 γωνίας
916 1403 936 1487 ἢ
959 1403 1035 1490 περὶ
1058 1405 1130 1471 ἀνί-

116 1527 196 1587 σους
219 1510 289 1595 μέν,
314 1509 493 1595 δεδομένας
517 1509 563 1596 δέ,
586 1513 624 1575 αί
643 1509 784 1597 πλευραὶ
806 1513 889 1597 πρὸς
913 1511 1056 1595 ἀλλήλας
1075 1517 1130 1578 λό-

115 1641 177 1700 γον
196 1620 294 1702 έχωσι
314 1616 504 1702 δεδομένον,
522 1616 578 1682 καὶ
592 1618 677 1683 αὐτὰ
694 1618 734 1682 τά
748 1622 893 1703 τρίγωνα
907 1620 991 1704 πρὸς
1004 1621 1131 1703 ἀλληλα

116 1728 217 1807 λόγον
240 1728 305 1809 ἔχει
329 1723 517 1809 δεδομένον.
595 1722 598 1728 ’

183 1832 245 1895 δύο
275 1832 338 1917 γάρ
371 1832 544 1916 τριγώνων
575 1841 642 1895 τῶν
674 1834 787 1914 ΑΒΓ,
812 1836 917 1895 ΛΕΘ
947 1829 1023 1917 περὶ
1057 1839 1131 1911 ίσας

65 1947 98 1995 15
117 1941 240 2020 γωνίας
262 1938 321 2013 τάς
342 1939 426 2024 πρὸς
448 1948 517 2014 τοῖς
535 1942 577 2021 A,
591 1942 624 2001 Δ
647 1935 667 2019 ἢ
690 1935 765 2023 περὶ
784 1936 921 2014 ἀνίσους
941 1937 1011 2022 μέν,
1035 1939 1130 2004 δεδο-

116 2044 215 2129 μένας
243 2043 294 2128 δέ,
326 2047 365 2109 αί
388 2041 528 2130 πλευραὶ
556 2044 640 2129 πρὸς
667 2042 809 2127 ἀλλήλας
837 2047 939 2126 λόγον
967 2044 1130 2129 ἐχέτωσαν

117 2151 306 2236 δεδομένον,
330 2150 385 2216 καὶ
405 2154 486 2216 ἔστω
510 2152 608 2231 λόγος
630 2158 688 2232 τῆς
710 2145 771 2233 μέν
793 2153 856 2213 ΒΑ
879 2151 961 2235 πρὸς
983 2153 1044 2235 τὴν
1063 2157 1130 2216 ΕΑ

117 2258 242 2341 δοθείς,
266 2267 324 2341 τῆς
347 2254 384 2322 δὲ
407 2261 478 2322 ΑΓ
495 2257 578 2342 πρὸς
601 2258 662 2339 τὴν
683 2262 717 2320 Δ
725 2260 766 2320 Θ·
794 2254 893 2340 λέγω,
917 2256 968 2320 ὅτι
990 2256 1045 2321 καὶ
1068 2268 1128 2322 τοῦ

116 2367 222 2428 ΑΒΓ
252 2365 419 2448 τριγώνου
456 2365 554 2444 λόγος
591 2353 659 2426 ἐστὶ
692 2360 807 2438 δοθεὶς
842 2363 925 2448 πρὸς
956 2364 993 2427 τὸ
1026 2368 1129 2428 ΕΛΘ

62 2478 97 2526 20
114 2473 288 2555 τρίγωνον.

183 2577 480 2661 συμπεπληρώσθω
490 2575 553 2660 γάρ
568 2576 609 2639 τά
623 2581 655 2639 Α
660 2579 704 2658 H,
714 2579 781 2639 ΛΖ
795 2579 1128 2662 παραλληλόγραμμα.

183 2680 251 2746 ἐπεὶ
283 2677 345 2747 οὖν
376 2683 437 2747 δύο
469 2683 822 2768 παραλληλογράμμων
853 2692 921 2746 τῶν
953 2688 1040 2766 ΑΗ,
1060 2691 1093 2748 A
1101 2690 1128 2748 Z

115 2787 190 2874 περὶ
213 2788 271 2864 τὰς
294 2794 367 2865 ίσας
389 2792 513 2870 γωνίας
539 2787 560 2871 ἢ
584 2786 659 2873 περὶ
682 2787 818 2863 ἀνίσους
846 2786 920 2872 μέν,
949 2789 1130 2874 δεδομένας

188 2989 211 3036 1.
231 2983 437 3106 ΑΓΚρῙΑΒΓ
455 2982 482 3036 b.
572 2981 640 3034 Post
657 2977 794 3050 τρίγωνον
813 2980 878 3034 hab.
899 2979 948 3034 διὰ
967 2983 1078 3050 (comp.)
1098 2982 1128 3050 μ’

115 3052 227 3122 punctis
247 3053 301 3108 del.
347 3055 384 3107 at.
477 3057 500 3107 3.
524 3049 574 3107 καί
592 3083 626 3092 -
644 3057 669 3106 4.
690 3049 799 3135 δοθείς]
820 3069 872 3106 om.
891 3051 919 3106 b.
1011 3057 1036 3106 4.
1060 3053 1130 3106 Post

115 3125 196 3194 λόγος
213 3124 278 3179 hab.
299 3121 355 3179 ἐστί
374 3142 400 3192 v,
420 3122 473 3177 del.
493 3141 529 3178 m.
549 3125 613 3193 2(?)·
696 3128 720 3177 ὅ.
741 3124 805 3194 και]
825 3139 878 3177 om.
898 3122 925 3178 b.
1010 3129 1033 3177 6.
1054 3122 1128 3195 ἐστί]

116 3213 168 3251 om,
179 3215 204 3251 v.
268 3195 311 3267 τό]
331 3212 384 3249 om.
395 3193 422 3248 b.
489 3199 511 3248 ⁷.
533 3193 594 3248 ἴσον
606 3226 639 3234 -
650 3198 674 3249 8.
691 3192 799 3265 δοθείς]
818 3193 863 3248 bis
877 3193 910 3261 b;
930 3194 979 3248 alt.
995 3193 1057 3248 loeo
1074 3195 1128 3250 del.

117 3285 152 3321 m.
173 3274 197 3321 2.
272 3273 295 3321 7.
314 3265 358 3338 τό]
378 3265 473 3320 om.b.
547 3265 604 3320 ἐστὶ
622 3263 670 3320 καί
688 3282 713 3320 v.
788 3270 811 3319 8.
834 3266 898 3336 ΖΘ]
914 3269 978 3319 ΖΗ
993 3265 1020 3319 b.
1087 3273 1129 3321 10.

115 3337 165 3399 τὰς
184 3337 245 3400 ίσας
263 3338 295 3407 b,
318 3336 388 3390 item
406 3335 454 3390 lin.
476 3341 517 3391 14.
592 3341 632 3391 12.
654 3334 737 3408 αάτά]
755 3335 844 3390 ταότά
863 3337 880 3407 β
899 3338 965 3404 (non
983 3335 1021 3407 b).
1086 3343 1128 3392 13.

117 3406 172 3472 ἕξει
189 3408 215 3462 b.
281 3413 322 3462 14.
342 3408 410 3478 τῶν]
428 3406 464 3460 τοί
482 3407 508 3461 b.
580 3412 620 3461 15.
639 3405 689 3474 τώς
710 3439 740 3447 -
761 3409 798 3479 Δ]
818 3424 871 3462 om.
891 3407 917 3461 b.
983 3414 1025 3462 16.
1045 3409 1129 3476 ἀλλή-

116 3478 224 3540 λουςλ),
317 3483 358 3532 18.
382 3479 442 3602 τῆς)
465 3487 514 3532 τοῦ
534 3479 560 3533 b.
653 3483 693 3532 19.
718 3479 787 3547 πρὸς
805 3479 836 3533 τὸ
855 3481 943 3533 ΔΕΘ
967 3478 1048 3548 λόγος
1072 3479 1130 3534 ἐστὶ

110 3546 214 3609 domic
231 3549 257 3602 b.
334 3554 375 3602 20.
394 3568 426 3617 τρ
440 3550 542 3621 γωνον]
557 3567 616 3617 om.
635 3550 685 3604 vb.
