2400 3840
128 125 199 189 43.
409 98 413 106 '
535 125 759 199 monam„
838 173 841 181 .

131 272 217 334 ε”στω
240 278 280 354 τῆ
303 266 404 333 θέσει.
441 265 536 351 λέγω,
555 268 605 332 ὅτι
629 267 760 333 δέδοται
784 266 803 350 ῆ
823 273 888 334 ΑΒ
911 278 952 355 τῆ
970 269 1064 336 θέσει
1089 269 1148 337 καὶ

133 384 180 463 τῷ
203 372 345 459 μεγέθει.

201 483 232 545 εί
249 481 314 566 γὰρ
326 478 484 566 μένοντος
497 489 557 545 τοῦ
572 487 604 545 A
618 493 842 566 μεταπεσεῖται
855 491 915 566 τῆς
927 488 994 549 AB
1010 485 1149 563 εὐθείας

134 589 208 670 ῆτοι
240 586 261 670 ῆ
288 586 383 664 θέσις
411 586 431 670 ῆ
459 589 496 653 τὸ
523 585 678 672 μέγεθος,
709 600 934 673 μεταπεσεῖται
965 590 1022 656 καὶ
1049 593 1088 658 τὸ
1117 597 1147 658 Β

94 716 115 764 5
135 704 280 777 σημεῖον.
317 695 357 759 οὐ
375 696 565 780 μεταπίπτει
584 692 628 758 δέ.
671 692 802 760 δέδοται
821 696 923 782 ὐραῆ
943 702 1009 763 AB
1029 700 1147 766 εὐθεῖα

134 810 174 885 τῆ
196 799 290 865 θέσει
312 799 368 866 οιαὶ
390 811 435 889 τῷ
458 799 599 886 μεγέθει.
1051 822 1054 827 ’
1143 846 1146 854 «

610 977 668 1056 κζ’.

200 1101 276 1167 Ἐὐν
302 1103 436 1179 εὐθείας
468 1111 618 1186 γραμμῆς
648 1113 687 1188 τῆ
719 1102 812 1169 θέσει
843 1104 899 1170 καὶ
930 1115 983 1198 τῷ.
1011 1108 1148 1193 μεγέθει

136 1206 315 1292 δεδομένης
346 1210 382 1273 τὸ
411 1209 448 1273 ἓν
474 1207 575 1293 πέρας
603 1205 706 1273 δοθέν
732 1204 767 1296 ᾖ,
799 1208 854 1276 καὶ
881 1213 918 1278 τὸ
947 1211 1063 1301 ἕτερον
1079 1217 1149 1287 ,δο-

49 1392 52 1396 Ᾰ
79 1335 116 1383 10
135 1316 284 1398 θήσεται.

202 1421 337 1498 εὐθείας
368 1423 430 1507 γὰρ
463 1431 612 1506 γραμμῆς
647 1433 687 1510 τῆ
719 1422 811 1489 θέσει
847 1423 903 1489 καὶ
933 1435 979 1514 τῷ
1013 1427 1148 1512 μεγέθει

136 1526 316 1612 δεδομένης
346 1538 403 1611 τῆς
431 1532 495 1592 AB
528 1529 565 1593 τὸ
597 1529 634 1594 ἓν
660 1527 761 1614 πέρας
788 1531 824 1595 τὸ
852 1537 885 1595 Α
918 1529 1022 1598 δοθὲν
1054 1537 1148 1600 ἔστω.

136 1633 231 1719 λέγω,
255 1635 306 1700 ὅτι
329 1632 384 1700 καὶ
404 1636 444 1700 τὸ
466 1640 495 1700 Β
520 1633 623 1700 δοθέν
646 1635 745 1700 ἐστιν.

204 1744 235 1808 εί
256 1743 319 1829 γὰρ
343 1741 500 1827 μένοντος
522 1751 582 1806 τοῦ
600 1747 633 1805 Α
656 1745 792 1826 σημείου
815 1749 1101 1836 μεταπεσεῖταιτὸ
1114 1752 1149 1813 ’Β

73 1862 286 1935 ’15σημεῑον,
314 1861 539 1935 μεταπεσεῖται
566 1850 630 1934 ίίρα
656 1847 712 1913 καὶ
739 1859 796 1933 τῆς
818 1855 884 1916 AB
912 1852 1047 1930 εὐθείας
1074 1856 1151 1938 ῆτοιΙ

135 1956 275 2040 ἡθέσις
297 1955 318 2039 ῆ
341 1958 378 2022 τὸ
401 1954 549 2040 μέγεθος.
590 1955 630 2020 οὐ
653 1959 843 2040 μεταπίπτει
866 1956 912 2022 δέ.
954 1955 1059 2024 δοθέν
1083 1961 1149 2046 ἄρα

136 2062 206 2129 ἐστὶ
229 2066 266 2130 τὸ
289 2068 317 2128 Β
342 2074 485 2148 σημεῖον.

608 2158 671 2288 ίιη’.

200 2328 276 2394 Ἐὰν
300 2331 356 2394 διὰ
375 2310 558 2412 ’δεδομένου
582 2333 718 2414 σημείου
741 2331 831 2414 παρὰ
852 2328 945 2395 θέσει
964 2331 1150 2415 δεδομένην

79 2451 118 2500 20
136 2435 275 2500 εὐθεῖαν
302 2435 418 2500 εὐθεῖα
445 2437 576 2520 γραμμὴ
604 2434 707 2521 ἀχθῆ,
740 2435 871 2501 δέδοται
899 2436 919 2520 ῆ
942 2435 1085 2520 ἀχθεῖσα
1108 2446 1148 2524 τῆ

137 2540 239 2606 θέσει.

205 2649 261 2712 διὰ
278 2649 341 2733 γὰρ
361 2646 542 2732 δεδομένου
560 2650 697 2733 σημείου
715 2656 775 2713 τοῦ
790 2654 822 2712 Α
844 2649 932 2733 παρὰ
945 2627 1039 2714 θέσει
1054 2650 1150 2715 δεδο-

137 2753 242 2839 μένην
264 2754 401 2820 εὐθείαυ
422 2757 483 2839 τῆν
501 2758 569 2820 ΒΓ
586 2755 703 2820 εὐθεῖα
724 2757 856 2842 γραμμῆ
878 2755 973 2839 ῆχθοι
992 2754 1013 2839 ῆ
1033 2761 1150 2823 ΔΑΕ.
1192 2779 1194 2785 ·

139 2861 235 2945 λέγω,
258 2862 308 2927 ὅτι
331 2860 462 2927 δέδοται
485 2860 504 2944 ῆ
527 2866 629 2927 AAE
648 2870 698 2947 τῆΙ
711 2859 813 2926 θέσει.

79 2982 119 3032 25
206 2970 238 3033 εί
259 2969 321 3053 γὰρ
346 2970 404 3053 μῆ,
432 2964 589 3052 μένοντος
615 2975 675 3032 τοῦ
698 2973 730 3031 A
757 2970 892 3052 σημείου
919 2980 1149 3051 μεταπεσεῖται
1174 3048 1177 3053 .

212 3203 236 3251 1.
261 3195 326 3250 έστα
349 3203 381 3266 τῆ
400 3192 490 3267 θέσει]
515 3210 567 3249 om.
588 3211 613 3249 a.
705 3193 782 3264 ἔσται]
807 3192 928 3248 ἔστωσαν
950 3211 977 3250 v.
1068 3201 1095 3249 4.
1120 3196 1150 3285 ῆ]

139 3284 229 3321 om.a.
285 3272 309 3322 θ.
328 3266 358 3338 ῆ]
374 3282 457 3356 ευμεν.
472 3282 523 3322 scr.
535 3283 571 3320 m.
588 3272 602 3320 1
620 3284 645 3320 v.
701 3265 811 3336 εὐθεῖα]
827 3280 916 3320 om.
973 3270 997 3320 9.
1013 3263 1105 3322 δοθὲν
1120 3269 1150 3340 η]

136 3340 216 3409 θοθῆ
235 3341 260 3409 β.
337 3337 501 3409 δοθησεται]
521 3335 610 3393 δοθὲν
630 3336 705 3390 ἔσται
723 3337 748 3406 β.
829 3341 871 3390 11.
890 3337 1029 3408 γραμμῆς]
1049 3355 1104 3392 om.
1124 3357 1151 3393 v.

178 3414 218 3462 12.
239 3409 304 3464 ἔσται
337 3407 457 3463 ἔστωσαν
476 3426 502 3476 v,
521 3408 574 3463 del.
594 3426 647 3463 ταν
664 3424 701 3460 m.
712 3411 741 3460 θ.
800 3413 841 3461 14.
861 3407 886 3460 εἰ
899 3406 936 3477 ρὰ
967 3407 1006 3476 μῆ
1024 3424 1050 3463 a.
1108 3415 1151 3465 16.

49 3491 53 3501 ’
136 3477 303 3546 μεταπίπτει
329 3488 522 3548 μεταπεσεῖται
536 3496 560 3533 a.
622 3484 662 3533 17.
682 3477 744 3545 Seq.
760 3477 910 3533 demonstr.
925 3428 1025 3549 εὐίατα,
1044 3498 1071 3535 ιι.
1084 3497 1152 3551 app.

68 3570 99 3620 ἱ
