2400 3840
519 148 624 199 oiri.
1036 147 1078 211 61

103 290 268 354 ducetur
291 289 377 354 enim
405 312 425 354 a.
445 293 568 374 puncto
592 297 624 355 A
652 290 692 354 ad
716 293 783 354 ΒΓ
805 291 1078 375 perpendicularis

59 400 139 461 ΑΘ.
186 393 341 479 quoniam
363 416 383 458 a
406 395 481 459 dato
509 400 630 479 punoto
655 400 687 459 A
717 395 758 459 ad
785 401 907 461 rectem
930 401 999 463 ΒΓ
1024 420 1079 483 po·

60 502 182 567 sitione
210 501 321 565 datam
347 504 437 565 reeta
463 500 549 564 linea
576 501 673 565 dueta
701 506 751 566 est
778 506 811 565 A
818 502 855 566 Θ
874 503 985 567 datum
1013 505 1080 569 effi-

544 606 632 671 oiens
647 607 803 692 angulum
818 612 931 693 ΑΘΔ,
943 613 1011 673 ΑΘ
1024 632 1080 692 po-

544 712 661 777 sitione
677 714 754 799 dete
766 713 828 778 erit
848 714 952 797 [prop.
962 713 1078 799 XXX}

60 844 83 894 z
187 844 221 894 E
285 840 318 892 K
420 841 459 892 ff
541 841 656 882 uerum
688 817 788 883 etiam
820 823 888 883 ΒΓ
915 819 1078 902 positione

353 897 490 906 --—-—-

67 901 135 908 ’-
182 971 200 1027 s
542 925 619 989 deta
645 929 708 1009 est3
740 924 850 1008 itaque
872 930 1030 1008 punctum
1051 930 1080 989 Θ

235 675 265 725 Α

542 1032 655 1095 datum
677 1035 728 1096 est
751 1031 855 1115 [prop.
874 1030 991 1115 XXV}
1027 1053 1081 1095 ue·

543 1158 616 1201 rum
659 1137 758 1201 etiarn
794 1142 826 1201 A
868 1139 979 1202 daturn
1020 1143 1079 1202 est.

545 1263 623 1327 ergo
660 1249 692 1307 A
704 1249 733 1308 Θ
769 1245 844 1308 dota
888 1249 937 1309 est
974 1244 1078 1328 [prop.

61 1347 202 1432 XXVIJ.
261 1353 294 1412 et
331 1349 485 1432 quoniam
517 1349 602 1413 ratio
638 1355 708 1414 ΔΕ
724 1374 732 1414 :
750 1355 817 1414 EA
853 1351 929 1414 data
960 1355 1010 1415 est
1047 1356 1080 1415 et

60 1460 134 1520 ΔΕ
146 1478 153 1518 :
168 1460 236 1519 EA
250 1485 292 1506 =
309 1458 377 1520 ΘΚ
388 1478 396 1519 t
410 1458 480 1519 ΚΑ
503 1453 574 1540 [VL
597 1454 645 1539 2],
678 1455 777 1520 etiem
800 1456 884 1521 ratio
910 1458 978 1520 ΘΚ
989 1478 996 1518 :
1010 1459 1080 1519 ΚΑ

61 1562 140 1626 data
164 1561 226 1626 erit
249 1561 324 1645 [def.
345 1560 388 1645 2].
431 1562 653 1645 componendo
676 1561 779 1646 igitur
801 1561 886 1626 ratio
913 1565 974 1625 ΘΑ
988 1585 995 1623 :
1011 1564 1083 1625 ΑΚ

63 1669 142 1732 date
161 1672 211 1732 est
230 1667 335 1751 [prop.
349 1666 421 1751 Vr}
458 1667 535 1731 duta
552 1671 602 1730 est
621 1671 729 1730 autern
751 1671 819 1731 ΘΑ.
858 1688 956 1749 quare
980 1666 1079 1730 etiarn

63 1777 139 1838 ΑΚ
153 1774 230 1838 dota
244 1777 294 1838 est
308 1773 413 1857 [prop.
423 1771 481 1857 11].
510 1794 625 1836 uerum
640 1772 739 1836 etiarn
753 1771 915 1855 positione
930 1773 1006 1835 data
1020 1777 1079 1836 est.

64 1884 99 1944 et
122 1884 280 1963 punctum
303 1885 335 1942 A
362 1879 473 1942 datum
497 1883 560 1963 est3
590 1899 689 1961 quare
712 1877 812 1942 etiam
834 1881 869 1941 K
894 1879 1007 1942 datum
1030 1883 1080 1941 est

63 1985 171 2070 [prop.
192 1984 342 2068 XXVIIJ.
388 1985 453 2049 iarn
478 1983 631 2067 quoniam
653 2007 711 2067 per
734 1985 846 2048 datum
867 1988 1025 2068 punctum
1048 1977 1083 2047 K

64 2089 190 2155 rectae*
200 2090 363 2175 positione
390 2091 484 2155 datae
512 2093 581 2154 ΒΓ
606 2091 762 2174 parallelo.
790 2094 868 2155 ZH
895 2090 991 2154 dueta
1021 2094 1080 2174 est,

64 2200 141 2260 ZH
157 2196 319 2281 positione
342 2197 418 2260 dato
441 2196 503 2261 erit
526 2186 632 2281 [prop.
653 2195 821 2280 XXVIII]¹

51 1114 85 1164 Β

108 1191 140 1242 Δ
264 1191 293 1246 Θ

500 2390 649 2456 XXXVI.

134 2511 170 2576 Si
193 2534 213 2575 a
235 2513 311 2576 dato
333 2517 455 2596 puncto
479 2512 520 2576 ad
542 2517 664 2578 rectam
682 2514 845 2598 positione
864 2515 973 2580 datam
991 2520 1081 2580 reeta

62 2621 151 2685 linea
174 2618 312 2701 ducitur,
335 2617 427 2701 eique
451 2617 559 2701 aliqua
582 2623 670 2684 reeta
693 2620 843 2684 adiicitur
861 2621 1022 2685 rationem
1040 2620 1080 2683 ad

65 2749 139 2792 earn
166 2725 290 2788 habens
318 2725 440 2808 datum,
468 2728 501 2788 et
528 2747 586 2809 per
608 2726 784 2790 terminum
807 2726 950 2790 adiectae
973 2730 1080 2790 reotue

64 2836 157 2897 reeta
183 2830 271 2895 linea
301 2830 430 2894 ducitur
457 2834 563 2895 rectae
596 2831 759 2914 positione
792 2833 885 2896 datae
916 2831 1081 2915 parallelo,

63 2940 165 3003 dueta
185 2941 276 3000 reeta
298 2937 374 2999 dato.
397 2941 447 3000 est
469 2936 640 3020 positione.

132 3065 211 3108 nam
234 3042 351 3106 adsto
374 3046 496 3127 puncto
519 3047 552 3106 A
578 3043 618 3106 ad
640 3046 763 3105 rectam
785 3041 948 3124 positione
971 3042 1080 3106 datam

66 3154 136 3215 ΒΓ
158 3154 248 3214 reeta
269 3148 356 3212 linea
378 3148 515 3212 dueatur
538 3152 613 3232 AA,
637 3151 669 3211 et
692 3150 799 3210 rectae
822 3151 889 3210 ΑΔ
912 3144 1083 3210 adiicietur

66 3263 101 3321 A
106 3261 138 3320 E
154 3255 316 3320 rationem
335 3254 375 3318 ad
390 3259 456 3318 ΑΛ
473 3254 597 3317 hebens
617 3253 736 3335 datam,
755 3256 788 3315 et
805 3273 863 3335 per
880 3255 1038 3335 punctum
1052 3258 1084 3316 E

104 3417 146 3465 16.
166 3412 223 3483 λς’]
242 3411 281 3477 λζ’
303 3413 329 3482 β,
401 3416 443 3465 20.
462 3412 507 3482 τῇ]
527 3427 580 3464 orn.
600 3412 625 3481 β.
699 3416 741 3464 21.
766 3410 895 3481 εὐθεῖαν]
916 3425 968 3463 om.
988 3410 1079 3464 PVat.

104 3484 288 3555 ettotaJom.
308 3501 333 3537 v.
407 3487 449 3536 25.
468 3483 529 3554 ΑΔ]
549 3487 596 3537 ΔΑ
616 3500 641 3536 a.
