2400 3840
496 179 661 231 SCHOLIA.
1019 176 1085 240 263

434 339 487 403 Ad
510 339 582 404 deff.
606 339 724 403 9-10.

137 463 187 527 10.
225 463 272 525 Τά
293 463 410 559 ξ-τῶν
438 446 462 525 δ
489 460 626 526 δοθέντι
653 463 764 544 μεῖζόν
791 461 896 527 έστιν·
928 473 998 539 τοῖς
1021 465 1084 550 γάρ

66 567 145 632 δύο·
168 565 223 631 καί
246 569 287 631 τά
311 568 331 631 δ
354 579 423 633 τῶν
448 570 466 636 ξ
489 564 626 632 δοθέντι
646 569 782 632 ἔλαττόν
800 567 904 633 ἐστιν·
928 580 998 644 τοῖς
1020 569 1084 654 γάρ

66 674 131 737 δύο
153 672 255 738 πάλιν
279 671 478 757 δεδομένοις.

469 813 521 879 Ad
544 815 605 879 def.
632 817 682 879 11.
1121 825 1138 871 5

138 922 187 984 11.
225 921 273 984 Τὸ
298 918 318 1002 ί]
342 920 378 985 έν
402 924 488 1008 λόγῳ
514 919 588 985 ἀντί
611 929 672 985 τοῦ
690 919 768 1007 παρ’
790 919 807 985 ὃ
832 921 868 986 έν
887 924 984 1009 λόγῳ.
1020 924 1084 1005 έχει

66 1023 106 1090 δὲ
128 1029 190 1110 τὴν
214 1025 389 1111 ἀναφορὰν
412 1028 495 1112 πρὸς
517 1028 554 1091 τὸ
577 1029 701 1109 μεῖζον·
725 1027 815 1113 παρά
837 1036 999 1092 τοσοῦτον
1020 1029 1083 1113 γάρ

66 1132 129 1196 οὐκ
153 1134 265 1215 έχουσι
289 1135 390 1214 λόγον
414 1130 560 1197 δοθέντα
583 1134 623 1197 τά
647 1133 709 1196 δύο
733 1130 873 1216 μεγέθη,
902 1130 981 1217 παρ’
1004 1133 1084 1198 ὅσον

66 1235 218 1324 ὑπερέχει
246 1239 283 1302 τὸ
311 1239 348 1302 ἓν
376 1247 436 1302 τοῦ
464 1236 577 1324 ἑτέρον
606 1235 744 1302 δοθέντι
772 1235 839 1302 τινὶ
861 1236 1009 1322 μεγέθει,
1044 1235 1084 1304 οὗ

67 1341 311 1430 ἀφαιρεθέντος
342 1344 526 1431 εὑρίσκεται
558 1341 614 1408 καὶ
641 1344 659 1409 ὁ
688 1341 864 1427 δεδομένος
892 1347 989 1427 λόγος
1017 1357 1085 1410 τῶν
1103 1354 1137 1403 10

68 1450 131 1513 δύο
153 1456 317 1533 μεγεθῶν.
363 1452 394 1514 εί
415 1446 476 1533 μέν
499 1451 561 1535 γάρ
587 1451 690 1513 λείπει
715 1450 753 1513 τὸ
781 1449 801 1531 ἣ
829 1449 866 1514 έν
890 1454 992 1538 λόγῳ,
1020 1450 1086 1536 ἀφ-

65 1553 261 1641 αιρεθέντος
283 1564 343 1619 τοῦ
366 1553 585 1641 ὑπερέχοντος
613 1553 677 1619 ἀπὸ
701 1563 761 1618 τοῦ
784 1557 933 1638 μείζονος
955 1557 992 1620 τὸ
1016 1561 1084 1621 λοι-

65 1663 132 1726 πὸν
158 1663 242 1748 πρὸς
265 1662 302 1726 τὸ
326 1661 439 1747 ἕτερον
468 1667 542 1726 ίσον
570 1659 669 1726 ἐστίν.
716 1663 747 1724 εί
772 1657 810 1724 δὲ
832 1663 1024 1747 πρόσκειται
1047 1663 1084 1726 τὸ

66 1767 88 1850 ί]
117 1767 153 1832 ἐν
176 1770 279 1855 λόγῳ,
310 1765 552 1853 ἀφαιρεθέντος
579 1775 639 1831 τοῦ
662 1764 880 1852 ὑπερέχοντος
908 1764 1018 1831 οὐκέτι
1046 1769 1084 1832 τὸ

66 1875 186 1938 λοιπὸν
218 1874 301 1959 πρὸς
332 1875 370 1937 τὸ
403 1872 517 1959 ἕτερον
545 1879 634 1956 ίσον,
667 1870 739 1937 ἀλλ’
771 1875 835 1955 έχει
867 1873 943 1938 τινά
973 1875 1084 1955 λόγον.
1104 1883 1137 1932 15

65 1984 178 2064 μεῖζον
210 1975 273 2045 οὖν
304 1979 373 2044 έστι
406 1981 442 2044 τὸ
474 1980 511 2043 ἓν
543 1977 683 2063 μέγεθος
715 1986 775 2042 τοῦ
803 1976 917 2064 ἑτέρου
949 1978 969 2061 ἣ
1002 1980 1085 2043 ὥστε

65 2095 203 2169 ποιῆσαι
231 2089 341 2169 λόγον.
388 2085 446 2150 έάν
474 2081 537 2151 οὑν
563 2085 584 2168 ἡ
607 2085 752 2171 ὑπεροχὴ
777 2082 936 2168 δεδομένη
959 2079 996 2170 ᾗ,
1029 2083 1085 2149 καὶ

66 2191 85 2257 δ
109 2195 207 2275 λόγος
230 2190 408 2275 δεδομένος
432 2191 505 2257 έστί
525 2240 532 2256 .

467 2332 520 2396 Ad
543 2332 605 2398 def.
631 2334 680 2397 12.

137 2441 187 2504 12.
218 2438 318 2505 Ἀπὸν
336 2440 399 2525 γάρ
418 2440 456 2503 τὸ
475 2434 660 2524 προστεθέν
680 2438 871 2522 ἐλυμαίνετο
890 2440 952 2522 τὴν
971 2435 1085 2523 σχέσιν
1102 2448 1139 2498 20

66 2554 127 2610 τοῦ
151 2544 332 2629 δεδομένον
356 2547 466 2627 λόγον.

140 2688 182 2736 10.
205 2682 512 2771 PJvat.vc¹M0n.9⁶;
541 2683 624 2764 ποτε
644 2683 723 2739 περ,
748 2658 787 2745 οε
808 2683 839 2737 ιι
863 2682 931 2738 αιιι
959 2683 1005 2751 ος
1033 2701 1084 2753 pro

66 2762 126 2837 τοῖς
144 2752 197 2823 γάρ
216 2753 265 2810 lm.
281 2760 296 2807 3
316 2785 350 2795 -
371 2755 534 2822 δεδομενοις
551 2752 600 2808 lm.
617 2760 634 2807 4
652 2754 723 2807 haec
741 2753 829 2807 habet
847 2753 895 2809 (διε
916 2755 1014 2816 δοθεὶς
1031 2754 1084 2824 γὰρ

67 2841 128 2912 δβ.
172 2841 187 2896 δ
211 2838 262 2898 οὑν
286 2847 304 2899 ξ
328 2843 343 2897 ὁ
359 2843 418 2925 τὴν
441 2840 592 2911 ἀφαίρεσιν
617 2839 772 2911 ὑπομείνας
794 2851 849 2896 τῶν
873 2842 925 2896 δίο
948 2844 1023 2914 αὐτῷ
1046 2847 1085 2914 τῷ

66 2927 257 2998 ἀφαιρεθέντι
278 2939 335 2985 τῶν
359 2934 377 2985 δ
402 2928 500 2999 μείζων
524 2927 605 2985 ἐστίν.
699 2935 741 2985 11.
768 2929 864 2996 0²l²23
892 2928 976 2983 initio
999 2928 1083 2982 huius

68 2999 171 3053 scholii
189 3000 260 3055 haec
278 3001 367 3056 habet
385 3001 431 3056 0²:
455 3000 477 3056 ί
483 3000 556 3069 ζήτει
573 3001 605 3055 τὸ
624 3009 738 3070 σημεῖον
757 3008 839 3054 τοῦτο
859 2999 899 3062 εἰς
916 3000 982 3061 τοὺς
1001 2997 1084 3066 ὅρους

65 3080 123 3125 τῶν
138 3069 306 3140 δεδομένων.
336 3072 446 3143 σχόλιον
461 3071 501 3134 εἰς
513 3071 563 3127 τὸν
578 3070 645 3140 ὅρον
658 3081 715 3126 τῶν
730 3068 889 3139 δεδομένων
903 3091 921 3140 η
940 3073 1004 3140 (ras.
1018 3069 1083 3140 del.)

69 3143 227 3229 θ’(ίνθαῖ)
250 3160 282 3214 τὸ
306 3157 396 3230 ρἠθὲν
416 3169 537 3228 σημεῖον.
574 3160 597 3216 ί
619 3160 730 3230 signum
752 3159 783 3213 in
805 3162 885 3214 textu
905 3159 939 3213 0²
961 3158 1026 3213 hab.
1046 3158 1084 3212 ad

67 3229 123 3284 def.
143 3231 188 3285 θ’.
263 3236 304 3285 12.
324 3229 646 3299 PlVat.vc¹M0n.092.

140 3378 164 3426 4.
190 3369 364 3443 δεδομένοις]
388 3392 437 3427 ·να
460 3371 535 3426 Mon.
630 3377 655 3425 9.
678 3368 818 3442 ὑπερέχει]
841 3368 1008 3441 ὑπερβάλλει
1030 3369 1083 3423 1²2.

105 3448 147 3496 12.
166 3441 351 3514 ὑπερέχοντος
369 3443 426 3497 ἀπὸ
445 3443 506 3515 τοῦ]
526 3440 663 3505 δοθέντος
682 3442 733 3496 1’λ.
825 3447 866 3497 14.
886 3439 1083 3512 ὑπερέχοντος]

65 3521 117 3596 τοῦ
137 3512 275 3578 δοθέντος
292 3512 419 3583 μείζονος
437 3513 487 3568 1’λ.
563 3519 604 3568 16.
625 3516 718 3583 μεῖζον
737 3544 773 3554 -
792 3517 833 3568 18.
854 3511 940 3584 ἐστίν]
960 3530 1014 3568 om.
1031 3511 1083 3567 1²2.
