2400 3840
104 162 171 227 264
533 160 696 212 εοΗοτιΑ.

454 354 507 418 Ad
531 355 602 419 deff.
628 355 767 420 13-15.

174 483 223 546 13.
262 481 410 555 Τούτους
432 477 656 543 Ἀπολλωνίου
684 475 789 562 φασὶν
816 473 901 544 εἶναι
928 481 1009 555 τοὺς
1036 490 1127 564 τρεῖς

104 590 213 676 ὄρους’
508 673 561 737 Ao
584 672 645 736 def.
671 674 720 738 13.

70 816 86 863 o
174 803 224 865 14.
261 796 441 864 Τουτέστιν
465 796 639 880 ἀκίνητον,
667 797 723 861 ἵνα
751 795 999 880 ὁμολογουμένη
1022 820 1081 882 μοι
1104 791 1128 884 ἦ

107 907 206 973 ὁποία
230 903 320 971 ἐστὶν
343 904 364 987 η
387 906 501 987 γωνία.

506 1078 558 1144 Ad
580 1101 671 1163 prop.
695 1079 719 1144 I.

175 1205 225 1270 15.
258 1202 396 1269 Είδέναι
420 1204 480 1286 δεῖ,
503 1204 558 1286 ὡς,
582 1206 667 1268 ἔνθα
690 1203 708 1269 ὁ
732 1206 918 1288 φιλόσοφος
936 1201 1024 1285 λέγει
1044 1203 1128 1269 ιἰπο-

106 1309 291 1393 λελυμένως
323 1307 484 1393 δεδομένα
521 1306 662 1392 μεγέθη,
699 1307 833 1392 μεγέθει
865 1309 1029 1374 δεδόσθαι
1068 1326 1129 1393 ση-

54 1432 87 1479 10
105 1420 224 1501 μαίνει.

175 1542 224 1607 16.
252 1538 288 1606 ‘0
310 1543 408 1622 λόγος
430 1548 490 1603 τοῦ
513 1541 620 1604 πόσου
645 1539 881 1623 διακόλουθος,
913 1539 933 1621 ἡ
961 1537 1060 1616 θέσις
1088 1537 1129 1605 δέ

107 1647 148 1711 οὐ
172 1647 228 1711 διὰ
251 1655 311 1712 τοῦ
333 1649 451 1728 πόσου,
474 1644 557 1710 ἄλλα
580 1654 640 1709 τοῦ
663 1653 805 1711 κεῖσθαι.

175 1771 225 1834 17.
256 1769 292 1833 Ρ.
317 1772 352 1854 6,
375 1768 409 1853 2]
439 1766 572 1832 δέδοται
599 1765 655 1832 καὶ
682 1769 720 1833 τὸ
745 1771 777 1833 Γ
801 1769 857 1832 διδ
884 1770 921 1834 τὸ
948 1767 1128 1856 ἀντιστρό-

107 1899 188 1959 φιον
212 1883 272 1940 τοῦ
295 1875 386 1960 ὅρου.
424 1871 514 1960 (1.4)
538 1874 661 1958 ὁμοίως
682 1871 738 1938 καὶ
761 1875 798 1939 τὸ
820 1880 866 1939 Δ·
894 1874 912 1940 ὁ
936 1875 1037 1952 αὐτὸς
1061 1877 1128 1962 γδιρ

54 1996 87 2044 15
106 1981 195 2070 αὐτῷ
220 1982 414 2066 πεπόρισται
433 1978 470 2043 έν
489 1978 682 2064 δεδομένοις
699 1977 854 2062 μεγέθεσι
873 1991 943 2057 τοῖς
961 1984 994 2046 Γ
1011 1980 1069 2046 καί
1082 1988 1127 2047 Δ.

176 2106 224 2170 18.
254 2102 290 2168 ‘0
312 2103 413 2179 αὐτὸς
435 2102 499 2189 γάρ
521 2126 552 2187 p.
572 2105 602 2187 6,
624 2102 658 2187 8]
689 2103 745 2167 διὰ
772 2105 853 2180 τοὺς
881 2105 993 2190 ὅρους·
1026 2108 1129 2188 λόγος

108 2212 269 2276 δεδόσθαι
292 2208 428 2293 λέγεται,
452 2202 480 2298 ᾦ
503 2209 678 2292 δυνάμεθα
701 2210 760 2274 τὸν
783 2210 887 2275 αὐτὸν
908 2212 1127 2296 πορίσασθαι.

498 2402 550 2468 Ad
573 2426 664 2489 prop.
688 2404 729 2469 H.

177 2526 227 2591 19.
265 2529 339 2591 Τῶν
366 2522 427 2609 μὲν
456 2525 645 2610 δεδομένων
672 2533 825 2612 μεγεθῶν
851 2525 906 2592 καὶ
934 2527 952 2593 δ
979 2531 1081 2611 λόγος
1107 2528 1128 2595 ό

54 2648 88 2696 20
106 2633 190 2718 πρὸς
217 2633 342 2713 ἄλληλα
371 2631 517 2697 δέδοται·
556 2632 666 2699 οὐκέτι
694 2632 745 2718 δέ,
780 2637 810 2699 εί
835 2645 903 2699 τῶν
929 2642 1084 2717 μεγεθῶν
1107 2635 1128 2702 ό

180 2823 567 2893 13.P1Vat.vC²Mon.opz.
643 2830 683 2880 14.
707 2823 1006 2893 PlVot.O¹Mon.opz.
1082 2832 1127 2881 15.

107 2894 462 2964 ΡΝοῖαΟῑΜοασρλος
491 2895 525 2951 0¹
547 2897 613 2966 post
637 2892 766 2965 σημαίνει
789 2895 922 2950 continuo
946 2895 1012 2950 hob.
1038 2897 1128 2952 schol.

108 2986 148 3021 nr.
170 2973 211 3021 10.
299 2972 341 3021 16.
361 2985 379 3020 v
398 2966 547 3036 (coniunot.
568 2984 632 3020 oum
649 2985 690 3023 nr.
712 2970 763 3038 lo).
851 2973 892 3022 17.
912 2985 938 3022 v.
1020 2972 1062 3022 18.
1083 2967 1128 3024 0².

145 3043 186 3091 19.
205 3036 244 3091 Pl
263 3038 311 3106 (ad
328 3038 413 3090 finem
430 3037 497 3091 libri
514 3041 580 3107 post
599 3036 685 3093 schol.
705 3055 745 3093 nr.
766 3041 818 3109 23).

180 3221 205 3268 2.
233 3215 361 3285 τούτους]
384 3213 485 3268 τούτου
509 3214 560 3284 Pl,
587 3213 674 3269 τοῦτοί
698 3236 721 3283 ρ.
813 3213 992 3278 Ἀπολλώνιος
1014 3215 1128 3270 ΡΙτσλ.

144 3286 209 3347 τοὺς
226 3295 300 3352 τρεῖς
319 3283 401 3353 ὄρους
416 3282 600 3341 Ἀπολλωνίου
624 3285 665 3341 0¹.
749 3284 835 3355 φησίν
857 3285 967 3340 ΡΙτολ.
1052 3281 1129 3341 εἷναί

109 3372 178 3423 φησι
196 3355 372 3423 Vot.Mon.p.
433 3351 519 3427 εἶναι]
539 3373 592 3411 om.
611 3374 658 3410 vo.
722 3357 788 3420 τοῖς
805 3366 879 3424 τρεῖς
898 3355 996 3425 ὅρους·
1012 3373 1067 3411 om.
1083 3356 1127 3413 0¹.

145 3430 169 3478 8.
188 3423 277 3548 λέγειρ
291 3423 356 3498 λέγη
376 3446 399 3493 ρ.
473 3424 696 3499 ἀπολελυμένας]
711 3448 761 3482 -να
775 3427 850 3483 Mon.
927 3434 968 3482 10.
1012 3429 1059 3482 ost
1077 3444 1128 3498 οη-

107 3489 203 3556 μοιίνει
222 3496 258 3548 ad
281 3495 341 3549 ,τὰ
359 3493 466 3566 μεγέθη
486 3515 511 3551 V.
569 3504 610 3553 12.
631 3499 676 3569 οῖ]
697 3500 748 3554 oon
767 3517 793 3552 v.
849 3504 891 3553 20.
912 3497 949 3570 εί]
968 3514 1021 3552 om.
1043 3497 1128 3553 codd.
