2400 3840
93 154 135 219 96
496 155 700 206 AEAOMENA.

159 303 240 364 ἔστω
265 299 327 363 δύο
350 300 422 382 εἴδη
445 307 490 386 τῷ
515 298 595 362 εἴδει
619 294 780 380 δεδομένα
799 298 839 360 τὰ
858 301 933 377 ΑΔ,
953 293 1109 378 ΕΘςιιοιὶ

79 407 190 488 Ιλόγος
216 415 275 488 τῆς
301 409 365 469 ΒΛ
391 406 475 491 πρὸς
500 405 562 488 την
592 408 656 468 ΖΘ
682 405 809 479 δοθεῖς·
848 400 948 485 λέγω,
976 402 1027 465 ὅτι
1055 399 1110 465 καὶ

94 523 160 576 τῶν
171 516 296 575 λοιπῶν
308 515 462 595 πλευρῶν
471 511 555 595 πρὸς
590 566 632 614 Α.
738 496 740 501 ’

93 617 152 693 τδις
165 618 282 692 λοιπὰς
298 617 442 703 πλευρὰς
457 618 555 698 λόγος

61 734 76 782 5
97 722 165 788 ἐστὶ
188 725 311 799 δοδεῖς.

82 905 89 915 .
161 828 230 894 ἐπεὶ
263 830 325 915 γὰρ
359 831 457 911 λόγος
487 827 555 894 ἐστὶ

94 946 151 1019 τῆς
179 940 246 1022 ΔΒ
283 937 366 1020 πρὸς
397 937 458 1020 τὴν
492 941 556 1001 ΖΘ
688 1006 694 1014 ,

96 1043 219 1124 δοθείς,
242 1051 300 1125 τῆς
323 1038 360 1106 δὲ
382 1046 450 1106 ΑΒ
473 1043 556 1127 πρὸς

95 1150 155 1231 την
166 1152 228 1211 ΒΑ
242 1150 340 1229 λόγος
352 1146 420 1212 εστῖ
431 1149 554 1230 δοθεις,

57 1267 78 1314 ,0
96 1252 151 1318 κοιῖ
183 1263 240 1337 της
273 1255 390 1318 AB'
377 1257 441 1338 ολρα
472 1256 555 1340 πρὸς

95 1361 156 1444 την
174 1365 238 1424 ΖΘ
257 1361 355 1441 λόγος
373 1358 442 1424 ἐστὶ
461 1361 583 1437 δοθείςζ
620 1370 678 1443 τῆς
697 1356 734 1424 δὲ
754 1364 817 1424 ΖΘ
834 1360 918 1445 πρὸς
932 1363 996 1423 ΕΖ
1014 1361 1112 1440 λόγος

96 1463 163 1529 ἐστὶ
192 1466 319 1542 δοθεις·
357 1464 412 1530 κοιῖ
439 1475 497 1550 της
523 1469 636 1532 ΑΒ’
623 1469 687 1554 ολροι
717 1468 800 1551 πρὸς
832 1467 893 1550 τὴν
920 1470 983 1530 ΕΖ
1014 1467 1112 1547 λόγος

96 1569 164 1635 ἐστὶ
188 1572 310 1649 δοθείς.
348 1574 404 1637 διὰ
427 1573 467 1637 τδ
490 1573 574 1638 αὐτὰ
593 1574 634 1657 δὴ
653 1570 708 1638 κοιῖ
727 1583 794 1637 τῶν
813 1577 939 1637 λοιπῶν
957 1576 1112 1656 πλευρῶν

95 1678 178 1761 πρὸς
199 1679 258 1754 τὰς
281 1679 398 1755 λοιπὰς
420 1682 518 1761 λόγος
541 1678 610 1744 ἐστὶ
634 1681 756 1756 δοθείς.

592 1219 751 1268 B—-
756 1184 859 1267 -Q
898 1146 1111 1323 ι--δο

57 1875 85 1932 ,δ’
573 1875 616 1938 νδ
621 1873 639 1938 ’.
926 1935 930 1943 .

161 1996 237 2062 Ἐδιν
255 1998 318 2063 δύο
336 1999 408 2081 εἴδη
427 1995 589 2082 δεδομένα
607 2007 653 2085 τῷ
668 1999 748 2062 εἴδει
766 1999 850 2082 πρὸς
868 2000 994 2080 ἄλληλοι
1011 2000 1113 2078 λόγον

98 2108 153 2194 ἔχη
182 2102 377 2188 δεδομένον,
408 2102 463 2169 καῖ
492 2105 529 2168 οιί
554 2101 694 2190 πλευραὶ
721 2103 832 2168 αὐτῶν
859 2105 941 2189 πρὸς
969 2103 1114 2185 ἀλληλοις

98 2215 198 2296 λόγον
221 2210 331 2288 ἕξουσι
355 2208 543 2294 δεδομένον.

165 2317 227 2380 δύο
260 2318 322 2400 γὰρ
355 2317 427 2398 εἴδη
460 2313 621 2400 δεδομένοι
653 2325 698 2403 τῷ
726 2317 807 2380 εἴδει
839 2317 879 2380 τδι
907 2321 949 2399 Α,
968 2320 997 2379 Β
1030 2317 1115 2402 πρὸς

57 2434 78 2480 λι
98 2424 222 2504 ἄλληλα
237 2425 338 2504 λόγον
352 2420 450 2505 ἐχέτω
465 2420 659 2506 δεδομένον·
679 2421 773 2506 λέγω,
789 2423 839 2487 ὅτι
853 2421 908 2487 κοιῖ
923 2424 960 2487 οιῖ
971 2421 1113 2509 πλευραὶ

98 2528 213 2592 αὐτῶν
232 2529 315 2614 πρὸς
339 2527 481 2611 ἀλληλοις
505 2531 606 2611 λόγον
629 2527 739 2606 έξονσι
763 2528 951 2613 δεδομένον.

164 2635 200 2698 τὸ
230 2634 292 2719 γὰρ
321 2639 353 2697 Α
380 2643 426 2721 τῷ
456 2638 485 2698 Β
517 2634 590 2715 ἤτοι
623 2635 740 2720 ὅμοιόν
768 2634 858 2700 ε’στιν
885 2634 905 2717 ἢ
933 2637 983 2700 οὔ.
1030 2639 1114 2709 ἔστω

97 2743 260 2824 πρότερον
278 2740 403 2824 ὅμοιον,
421 2738 477 2805 κοιῖ
495 2743 647 2826 εἴληφθω
665 2752 733 2806 τῶν
753 2744 824 2825 ΓΛ,
838 2746 901 2805 ΕΖ
920 2745 1014 2827 τρίτη
1034 2741 1114 2807 οἰνολ-

98 2853 200 2930 λογον
223 2847 242 2930 ἡ
266 2850 309 2911 Η.
352 2849 442 2912 ἔστιν
465 2849 529 2933 ἄρα
553 2848 598 2924 ὡς
620 2848 640 2931 ἡ
666 2851 726 2912 ΓΔ
749 2849 832 2933 πρὸς
853 2848 915 2931 τὴν
938 2852 983 2931 Η,
1007 2848 1115 2926 οὕτως

57 2954 135 3018 ιοτὸ
159 2960 192 3018 Α
214 2956 297 3040 πρὸς
319 2955 356 3018 τὸ
380 2957 417 3017 Β.
455 2956 554 3035 λόγος
576 2950 613 3018 δὲ
635 2962 696 3018 τοῦ
715 2960 747 3019 Α
770 2955 853 3038 πρὸς
875 2956 912 3018 τὸ
932 2959 961 3018 Β
985 2956 1114 3033 δοθείς·

99 3063 240 3143 λόγος’
220 3085 284 3145 οιροι
306 3057 361 3123 κοιῖ
384 3068 442 3143 τῆς
462 3052 523 3124 ΓΛ
545 3061 628 3147 πρὸς
650 3062 711 3145 τὴν
729 3065 768 3125 Η
788 3062 911 3138 δοθείς.
950 3065 1009 3126 κοιί
1029 3064 1115 3127 εἰσιν

98 3253 103 3260 -
171 3223 194 3270 1.
220 3215 293 3287 εἴδη]
313 3232 382 3270 corr.
403 3232 437 3269 ex
456 3215 525 3270 εἴδει
543 3234 579 3271 m.
600 3217 699 3272 wat.
783 3215 923 3287 δεδομενα
929 3216 1113 3289 τῳεῖδειῖ).

134 3309 182 3342 uon
152 3238 376 3358 ai]0m..,Vat
405 3286 574 3342 add.m2.
664 3238 902 3360 2.μ.ΖΘ]ΖΔεΓ
996 3293 1103 3345 [ΖΘ

99 3359 192 3412 BAb
248 3365 350 3427 8.της
362 3331 437 3412 δέ-
448 3364 472 3413 9.
493 3357 603 3431 δοθείς]
622 3359 718 3413 om..b
775 3365 816 3414 10.
836 3357 929 3414 ιιοιῖ-
940 3364 982 3415 11.
1003 3358 1103 3423 δοθείς

100 3445 152 3481 om.
168 3447 193 3482 v.
250 3435 291 3482 11
315 3432 367 3484 ΖΘ
382 3430 601 3509 ἴον..)]ΕΖλ)
628 3438 678 3499 της
696 3427 727 3484 δε
745 3433 848 3486 ΖΘ
871 3435 911 3484 12
933 3429 1104 3494 ἐοτῖδοθελς

79 3515 151 3550 ·om.
172 3498 198 3551 b.
279 3504 320 3553 14.
340 3500 421 3571 πρός]
440 3517 471 3553 m
488 3518 541 3555 ras
561 3519 597 3556 m.
618 3507 678 3556 2v.
755 3500 855 3564 λοιπὰς
873 3499 1041 3570 πλεορολςλ).
