2400 3840
505 188 670 241 SOHOLIA.
804 188 806 193 ’
1028 185 1094 251 267

145 329 196 393 29.
226 326 261 393 Ὁ
284 329 383 405 αὐτὸς
406 329 495 418 αὐτῷ
518 333 713 416 πεπορίσθω
737 355 767 416 p.
789 330 919 416 10,10]
949 331 1095 397 δυνατὸν

77 435 141 520 γόιρ
155 444 258 520 τριῶν
273 433 446 500 δοθέντων
459 441 613 519 μεγεθῶν
627 434 784 523 τέταρτον
798 435 964 519 ἀνάλογον
974 437 1094 523 εὑρεῖν.

145 578 196 641 30.
230 579 340 658 Λόγος
362 577 427 662 όροι
450 585 510 641 τοῦ
528 582 562 641 Δ
569 582 596 640 Ζ
619 600 649 661 p.
672 577 798 662 10,14]
822 578 977 664 τῶνγὰρ
1001 579 1093 643 όεόο-

77 683 188 767 μένων
210 690 364 767 μεγεθῶν
387 683 405 748 ὁ
429 686 527 765 λόγος
549 684 633 769 πρὸς
656 685 781 766 ἄλληλα
805 681 946 748 όέόονιιι.

143 826 196 890 31.
213 822 470 911 Ἀνοιστρέψοινπ
485 825 550 910 ἄρα
563 847 594 908 p.
606 824 725 909 10,16]
740 825 797 889 όιόι
810 833 870 889 τοῦ
881 826 962 911 ὅρου
977 834 1037 889 τοῦ
1051 825 1093 890 εθ·
1130 831 1147 878 5

79 930 272 1016 ἀναστροφὴ
298 933 399 1013 λόγου
424 929 492 995 ἐστὶ
516 936 616 1013 λῆψις
638 939 699 995 τοῦ
719 928 908 1015 ἡγουμένου
930 933 1014 1018 πρὸς
1032 933 1093 1014 τὴν

78 1036 255 1123 ὑπεροχήν,
277 1030 299 1122 ᾗ
322 1034 473 1122 ὑπερέχει
495 1037 533 1102 τὸ
556 1036 744 1121 ἡγούμενον
766 1046 827 1102 τοῦ
851 1035 1021 1121 ἑπομένου.

144 1178 194 1240 32.
232 1179 342 1258 Λόγος
374 1178 437 1263 όροι
469 1180 528 1242 καί
556 1201 586 1262 p.
615 1180 670 1263 10,
700 1178 760 1263 19]
800 1185 874 1245 ἴσον
906 1181 970 1266 γὰρ
1003 1180 1092 1268 αὐτῷ

76 1281 275 1368 ἐνομίσαμεν
297 1284 357 1348 τὸν
380 1292 440 1348 τοῦ
462 1289 496 1348 Δ
502 1290 529 1348 Ζ
551 1285 636 1371 πρὸς
659 1290 735 1350 ΖΕ.

462 1521 515 1587 Ad
537 1545 629 1607 prop.
652 1522 707 1587 VI.
1111 1532 1145 1581 10

144 1645 194 1708 33.
219 1641 254 1708 Ὁ
273 1646 337 1730 ἄρα
356 1653 416 1709 τοῦ
430 1649 500 1709 ΔΕ
515 1646 599 1730 πρὸς
612 1650 677 1708 ΕΖ
699 1668 730 1729 p.
748 1647 799 1731 12,
813 1645 848 1730 5]
872 1645 890 1711 ὁ
909 1647 973 1732 γὰρ
992 1647 1092 1723 αὐτὸς

77 1750 166 1837 αὐτῷ
191 1749 281 1814 ἐστιν
305 1750 323 1816 ό
347 1760 407 1815 τοῦ
430 1756 463 1815 A
469 1754 502 1815 Γ
518 1751 602 1837 πρὸς
626 1753 695 1815 ΓΒ.

143 1894 194 1957 34.
223 1895 333 1973 Λόγος
351 1893 415 1974 ἄρα
438 1900 498 1956 τοῦ
513 1897 547 1956 Δ
553 1897 580 1955 Ζ
598 1892 681 1978 πρὸς
700 1888 853 1978 ἑκάτερον
876 1915 906 1976 p.
924 1893 974 1978 12,
989 1893 1091 1978 8—9]

76 1999 94 2064 ό
114 1999 176 2085 γὰρ
196 1999 296 2074 αὐτὸς
314 1998 402 2086 αὐτῷ
421 2001 616 2086 πεπόρισται
636 1999 653 2064 ὁ
672 2007 732 2064 τοῦ
750 2003 818 2062 ΛΖ
835 1999 919 2085 πρὸς
938 1996 1092 2085 ἑκάτερον

76 2115 144 2169 τῶν
166 2110 335 2189 mom.
1111 2113 1145 2163 ιι

452 2253 505 2320 Αό
527 2277 618 2340 prop.
641 2253 716 2320 VH.

144 2379 195 2443 35.
229 2381 338 2461 Λόγος
367 2380 431 2464 όροι
459 2382 519 2443 καί
547 2403 577 2465 p.
606 2381 659 2464 12,
687 2379 744 2464 24]
778 2380 834 2444 όιόι
866 2388 927 2444 τοῦ
960 2376 993 2447 ς’
1024 2390 1092 2444 τῶν

76 2481 286 2569 Λεόομένων.

144 2628 195 2692 36.
228 2623 345 2692 Λοθέν
368 2628 432 2714 όίροι
455 2625 511 2691 καὶ
534 2625 689 2714 ἑκάτερον
714 2650 744 2712 p.
766 2628 815 2711 14,
836 2627 870 2712 1]
894 2628 951 2692 διὰ
973 2635 1033 2691 τοῦ
1056 2625 1091 2710 β’

76 2743 143 2796 τῶν
166 2732 286 2797 αὐτῶν.
324 2731 393 2797 ἐπεὶ
415 2733 479 2819 γὰρ
502 2731 643 2816 μέγεθός
661 2757 692 2797 τι
715 2734 753 2798 τὸ
772 2737 839 2798 ΑΒ
863 2729 968 2798 δοθέν
990 2734 1091 2814 λόγον
1110 2743 1146 2793 20

76 2841 142 2922 ἔχει
168 2839 253 2924 πρὸς
275 2836 430 2924 ἑκάτερον
457 2850 525 2903 τῶν
547 2842 623 2922 ΛΓ,
643 2841 705 2903 ΓΒ
733 2839 778 2915 ὡς
804 2841 888 2925 πρὸς
910 2840 994 2902 ἄλλοι
1016 2836 1091 2902 τινὰ

76 2945 140 3030 ἄρα
162 2942 217 3009 καὶ
241 2941 396 3031 ἑκάτερον
419 2943 556 3009 ἐκείνων
579 2943 624 3019 ὡς
647 2945 727 3008 ἄλλο
750 2967 782 3008 τι
806 2942 948 3008 όέόοτοιι.

139 3171 359 3239 oopvaoaps.
406 3169 632 3224 sopvaoMon.
679 3173 721 3223 31,
732 3168 763 3223 1¹.
815 3169 1089 3238 32.P1vat.M0n.9.

111 3248 153 3298 33.
173 3242 331 3297 PlVaovz.
406 3240 607 3308 34.P1Vat.9.
680 3245 721 3294 35.
742 3240 773 3294 1².
847 3245 889 3294 36.
909 3240 960 3296 1¹2.

147 3459 171 3507 4.
191 3453 275 3576 apog}
292 3452 391 3520 όπρός
405 3452 469 3508 Vah.
530 3457 572 3506 21.
592 3456 614 3505 A
621 3454 662 3523 Γ]
681 3456 703 3505 Λ
710 3457 731 3506 Β
750 3451 830 3506 codd.
885 3453 934 3525 ὡς]
953 3469 1042 3522 comp.
1057 3453 1089 3510 1⁹.

112 3530 153 3579 22.
174 3524 241 3595 ἄρα]
273 3526 324 3578 ort.
345 3522 399 3577 del.
472 3524 520 3595 ὡς]
539 3521 609 3592 πρός
627 3522 658 3577 l'.
