2400 3840
130 143 173 207 36
533 143 736 196 mmmm.

604 302 665 369 ιθ’.

88 422 94 433 ’
195 429 270 494 Ἐδιν
292 423 313 522 ᾗ
336 433 411 513 τρίοι
433 426 571 513 μεγέθη,
599 426 654 514 κοιλ
677 429 714 491 τὸ
741 423 801 512 μὲν
823 437 955 512 πρῶτον
982 435 1044 490 τοῦ
1067 426 1145 491 δεν-

131 537 228 622 τέρου
252 534 387 601 δοθέντι
409 538 519 618 μεῖζον
541 529 563 620 ᾖ
586 533 606 617 ἢ
630 533 666 599 έν
688 535 791 623 λόγῳ,
818 526 840 619 ᾖ
867 529 904 597 δέ
926 531 982 597 καὶ
1004 533 1042 597 τὸ
1066 532 1144 597 δεύ-

131 667 228 729 τερον
255 652 315 707 τοῦ
342 646 455 726 τρίτου
483 639 619 706 δοθέντι
641 635 751 724 μεῖζον
778 638 798 722 ἢ
822 639 859 704 έν
881 641 984 726 λόγῳ,
1016 637 1072 703 ιιοιὶ
1106 641 1143 703 τὸ

96 767 112 815 5
132 761 264 836 πρῶτον
281 757 346 813 ’τοῦ
369 752 483 834 τρίτου
507 745 642 812 δοθέντι
666 750 776 829 μεῖζον
798 747 888 840 έστιιι
911 744 932 828 ἣ
956 745 992 810 έν
1016 748 1116 833 λόγῳ.

200 859 281 920 ἔστω
304 858 384 940 τρίοι
401 852 526 938 μεγέθη
548 854 595 917 τὰ.
611 857 688 936 AB,
708 855 777 937 ΓΛ,
795 857 834 936 Ε,
857 850 912 916 καὶ
935 852 972 916 τὸ
996 848 1057 936 μὲν
1076 856 1143 916 AB

132 973 191 1028 τοῦ
215 965 276 1027 ΓΔ
303 960 439 1025 δοθέντι
466 962 576 1044 μεῖζον
604 962 685 1024 ἔστω
713 957 733 1041 ἢ
761 957 797 1023 έν
820 961 922 1046 λόγῳ,
954 959 991 1022 τὸ
1021 954 1058 1022 δὲ
1083 962 1145 1023 ΓΔ

133 1079 193 1134 τοῦ
212 1073 243 1133 Ε
265 1065 400 1133 δοθέντι
423 1069 533 1151 μεῖζον
556 1068 637 1130 έστω
661 1064 681 1148 ἢ
705 1063 742 1130 έν
764 1068 860 1152 λόγῳ.
898 1063 993 1147 λέγω,
1017 1065 1068 1130 ὅτι
1087 1063 1143 1129 κοιλ

133 1177 171 1238 τὸ
194 1178 260 1238 ΑΒ
284 1181 344 1236 τοῦ
367 1177 399 1237 Ε
419 1171 555 1237 δοθέντι
578 1173 687 1255 μεῖζόν
710 1170 801 1236 ἐστιν
823 1169 844 1261 ἢ
867 1169 904 1236 έν
926 1173 1025 1258 λόγῳ.

81 1296 114 1344 10
201 1276 269 1344 ἐπεὶ
293 1280 355 1363 γὰρ
379 1279 416 1343 τὸ
440 1281 501 1342 ΓΛ
522 1285 582 1341 τοῦ
605 1281 637 1341 Ε
658 1275 795 1342 δοθέντι
817 1279 926 1362 μεῖζόν
949 1275 1084 1360 έστινῆ
1110 1277 1146 1342 έν

134 1388 232 1474 λόγῳ,
253 1385 439 1470 ἀφῃρήσθω
458 1387 495 1449 τὸ
515 1380 618 1448 δοθὲν
635 1382 776 1468 μέγεθος
794 1385 831 1450 τὸ
846 1387 921 1449 ΓΖ·
940 1388 1060 1449 λοιποῦ
1079 1386 1146 1471 ἄρα

134 1501 194 1557 τοῦ
219 1497 280 1556 ΖΛ
306 1492 389 1576 πρὸς
415 1491 452 1556 τὸ
477 1495 509 1555 Ε
534 1492 631 1573 λόγος
659 1488 727 1555 ἐστὶ
755 1491 877 1566 δοθείς.
926 1489 1042 1573 πάλιν,
1075 1489 1146 1556 ἐπεὶ

133 1601 171 1663 τὸ
203 1602 269 1662 ΑΒ
285 1606 363 1661 ’τοῦ
395 1599 456 1661 ΓΛ
492 1594 628 1661 δοθέντι
663 1598 772 1680 μεῖζόν
804 1595 894 1660 ἐστιν
926 1595 946 1679 ἢ
979 1595 1016 1661 ἐν
1045 1599 1145 1684 λόγῳ,

135 1704 321 1790 ἀφῃρήσθω
344 1705 381 1768 τὸ
405 1699 509 1768 δοθέν
532 1700 672 1787 μέγεθος
693 1704 731 1767 τὸ
750 1706 836 1766 ΑΗ·
860 1708 979 1768 λοιποῦ
1000 1704 1065 1788 ἄρα
1084 1712 1145 1768 τοῦ

81 1826 114 1874 15
134 1815 202 1875 ΗΒ
235 1813 318 1897 πρὸς
344 1812 381 1876 τὸ
406 1813 467 1874 ΓΛ
498 1813 595 1892 λόγος
623 1806 691 1874 έστὶ
719 1809 842 1885 δοθείς.
888 1809 906 1874 ὁ
932 1808 1032 1886 αὐτὸς
1055 1810 1146 1898 αὐτῷ

133 1917 296 2002 γεγονέτω
315 1926 374 1982 τοῦ
390 1921 460 1982 ΗΘ
477 1918 560 2003 πρὸς
578 1918 615 1982 τὸ
631 1919 704 1980 ΓΖ·
728 1918 826 1998 λόγος
844 1917 909 2001 ἄρα
926 1915 981 1981 καὶ
998 1925 1058 1981 τοῦ
1072 1919 1148 1981 ΗΘ

134 2026 218 2110 πρὸς
240 2026 276 2088 τὸ
297 2026 358 2088 ΓΖ
382 2024 504 2099 δοθείς.
542 2019 646 2087 δοθὲν
669 2019 706 2087 δέ
728 2023 765 2087 τὸ
785 2025 859 2087 ΓΖ·
882 2009 987 2087 δοθέν
1007 2023 1072 2107 ἄρα
1091 2021 1148 2087 καὶ

134 2133 171 2196 τὸ
195 2135 275 2194 ΗΘ.
321 2124 449 2194 ἔστιδὲ
471 2127 527 2192 καὶ
549 2129 586 2193 τὸ
609 2132 677 2192 ΗΑ
691 2126 816 2193 δοθέν·
832 2126 895 2219 Ιιιοιὶ
918 2128 998 2194 ὅλον
1020 2131 1086 2215 ἄρα
1109 2131 1147 2194 τὸ

138 2241 199 2301 ΘΑ
226 2233 330 2300 δοθέν
353 2234 451 2299 ἐστιν.
496 2232 551 2298 καὶ
580 2232 648 2299 ἐπεὶ
676 2234 721 2310 ὡς
748 2235 785 2299 τὸ
808 2238 877 2299 ΗΒ
905 2236 988 2319 πρὸς
1012 2236 1050 2298 τὸ
1075 2240 1147 2318 ΓΛ,

80 2356 116 2406 20
135 2343 241 2418 οὕτως
263 2343 299 2406 τὸ
323 2344 395 2404 ΗΘ
416 2341 499 2425 πρὸς
521 2341 558 2404 τὸ
578 2343 650 2423 ΓΖ,
673 2338 727 2405 καὶ
750 2345 869 2405 λοιποῦ
891 2349 952 2427 τοῦ
978 2345 1040 2406 ΘΒ
1060 2343 1147 2427 ’πρὸς

49 2467 61 2533 ζ
137 2450 254 2514 λοιπὸν
281 2449 317 2511 τὸ
342 2451 407 2511 ΖΛ
434 2448 531 2529 λόγος
559 2445 627 2524 ἐστὶ
655 2448 777 2524 δοθείς.
823 2456 883 2512 τοῦ
907 2444 943 2512 δέ
967 2452 1033 2512 ΖΛ
1061 2450 1145 2534 πρὸς

135 2557 172 2620 τὸ
196 2559 227 2619 Ε
248 2557 345 2637 λόγος
368 2551 437 2619 ἐστὶ
460 2554 586 2629 δοθείς·
614 2551 751 2618 καὶτοῦ
778 2558 839 2619 ΘΒ
863 2555 927 2639 ἄρα
949 2554 1032 2639 πρὸς
1056 2555 1093 2620 τὸ
1117 2559 1149 2619 Ε

136 2663 234 2744 λόγος
266 2658 334 2727 ἐστὶ
367 2661 490 2737 δοθείς.
539 2660 594 2725 καὶ
622 2657 726 2726 δοθέν
752 2661 790 2726 τὸ
821 2665 894 2726 ΘΑ·
926 2662 963 2727 τὸ
987 2664 1054 2725 ΒΑ
1081 2663 1148 2748 ἄρα

135 2777 195 2832 τοῦ
217 2773 249 2832 Ε
270 2765 405 2832 δοθέντι
428 2768 537 2851 μεῖζόν
560 2765 649 2833 ἐστιν
672 2765 692 2849 ἢ
716 2766 752 2831 έν
770 2769 868 2855 λόγῳ.

207 2932 231 2977 2.
251 2921 312 3003 καί]
331 2941 414 2993 supra
434 2939 522 2993 comp.
542 2923 606 2978 add.
625 2941 661 2976 m.
682 2928 697 2977 2
716 2941 742 2978 v.
815 2928 839 2977 3.
861 2916 876 2995 J
897 2921 928 2977 δέ
948 2940 1001 2980 om.
1021 2926 1046 2996 β.
1122 2933 1147 2979 4.

137 2993 265 3065 δοθέντι]
284 2995 328 3048 b1s
347 2997 365 3066 β
383 2998 449 3064 (non
468 2997 503 3065 a).
576 2997 669 3064 μεῖζον
687 2986 705 3066 ᾖ
724 2993 743 3062 ἥ
761 3011 786 3050 a.
865 3015 883 3064 η
903 2994 933 3049 ἐν
952 2993 1035 3069 λόγῳ]
1056 3013 1110 3050 om.
1131 2999 1149 3067 β

137 3069 204 3135 (non
223 3071 258 3130 a).
350 3071 374 3119 7.
398 3066 459 3136 τοῦ]
478 3071 515 3138 τῷ
533 3082 558 3119 ιι.
650 3072 690 3120 12.
718 3066 776 3138 ΖΛ]
799 3069 923 3190 Ζωιρτιι
941 3066 1007 3120 add.
1027 3085 1063 3121 m.
1085 3073 1099 3120 1
1120 3086 1146 3122 v.

172 3137 252 3205 λόγος
271 3136 326 3190 έστλ
344 3137 442 3200 δοθεὶς
460 3136 530 3205 πρὸς
547 3136 578 3191 τὸ
593 3140 618 3190 Ε
636 3154 661 3191 ιι,
736 3142 776 3192 14.
796 3136 827 3192 τό
842 3138 925 3209 (at.)]
944 3146 995 3192 τοῦ
1015 3155 1040 3192 a.
1067 3202 1073 3213 ι
1105 3144 1148 3193 16.

136 3251 186 3297 τοῦ
196 3244 268 3314 (pr.)]
284 3242 298 3296 ὁ
312 3251 361 3297 τοῦ
376 3260 423 3298 va.
485 3247 525 3296 1⁷.
540 3241 630 3299 δοθέν
640 3245 701 3314 (pr.)
718 3275 751 3285 -
766 3248 807 3298 18.
823 3245 894 3315 ΗΘ]
914 3210 1004 3300 δόθδν
1023 3244 1080 3312 ἄρα
1099 3246 1150 3299 καὶ

136 3349 168 3402 τὸ
190 3351 259 3404 ΗΘ·
279 3327 369 3405 δόθὲν
388 3347 419 3404 δέ
437 3349 468 3404 τὸ
490 3353 541 3404 ΓΖ
559 3368 584 3405 v.
667 3354 707 3404 18.
729 3349 801 3405 ἔστιν
820 3368 845 3404 v.
927 3356 967 3405 19.
989 3350 1046 3406 ἐστι
1065 3352 1147 3407 codd.

145 3474 148 3479 ,
172 3420 221 3474 κοιλ
245 3420 304 3475 ἐπεί
324 3454 356 3463 -
377 3427 418 3475 20.
443 3421 504 3491 ΓΖ]
530 3438 582 3475 om.
602 3438 626 3474 a.
718 3426 759 3474 24.
784 3421 846 3489 θος.
871 3421 1021 3476 demonstr.
1047 3422 1148 3491 altera,

137 3510 164 3547 11·
184 3509 246 3560 σοι)1
302 3526 305 3535 -
