2400 3840
381 93 385 101 ’
431 143 433 148 -
526 124 729 207 Δεοοοτααε.

598 284 660 368 ιζ’·

101 461 103 465 .
193 410 239 472 Τὰ
272 407 432 493 δεδομένα
465 410 685 496 εὐθύγραμμα
712 419 757 497 τῷ
788 410 868 474 εῖδει
900 410 948 484 είς
975 406 1139 491 δεδομένα

120 518 267 599 τρίγωνα
291 515 536 604 διαιρεῖταιτρῖ
560 518 649 581 εῖδει.

188 622 270 684 ἔστω
290 619 470 706 δεδομένον
488 622 729 708 εὐθύγραμμον
742 631 787 709 τςό
802 622 883 686 εῖδει
901 621 939 685 τὸ
954 624 1138 685 ΑΒΓΔΕ·

42 763 44 767 -
88 741 104 789 5
124 724 219 809 λέγω,
243 727 293 791 ὅτι
316 729 353 791 τὸ
372 732 544 793 ΑΒΓΔΕ
564 728 805 814 εὐθύγραμμον
823 729 870 804 είς
889 724 1051 810 δεδομένα
1071 729 1139 812 τρί-

120 857 212 915 γωνα
236 833 411 918 διαιρεῖται
434 844 480 922 τῷ
504 835 594 899 είδει.

187 938 436 1022 ἐπεζεύχθωσαν
463 941 526 1026 γὰρ
555 942 593 1004 αι’
620 944 697 1024 ΒΕ,
716 943 787 1004 ΕΓ.
842 936 910 1003 έιτελ
939 935 1073 1001 δέδοται
1100 937 1138 1000 τὸ

121 1048 292 1109 ΑΒΓΔΕ
313 1045 553 1132 εὐθύγραμμον
575 1056 620 1134 τῷ
645 1047 736 1129 εῖδει,
760 1044 988 1128 δοθεῖσα·ίίρα
1007 1041 1099 1108 ἐστὶν
1118 1041 1138 1124 ἡ

120 1151 185 1215 ὑπὸ
215 1162 281 1214 τῶν
305 1155 404 1214 ΒΑΕ
430 1155 543 1234 γωνία.
593 1156 652 1216 καί
673 1152 741 1216 ἐστι
765 1154 863 1233 λύγος
884 1159 943 1233 τῆς
966 1153 1027 1213 ΒΑ
1056 1149 1140 1235 πρὸς

70 1271 103 1318 10
122 1259 183 1340 τὴν
207 1262 275 1321 ΕΑ
303 1256 426 1331 δοθείς.
478 1246 547 1322 έτιεὶ
571 1253 633 1324 οὐν
656 1257 796 1322 δοθεῖσα
819 1256 910 1321 ἐστιν
936 1254 957 1338 ἡ
980 1254 1046 1319 ὐτιδ
1070 1266 1140 1319 τῶν

122 1368 225 1427 ΒΑΕ
251 1365 356 1444 γωνία
386 1366 445 1426 καί
466 1363 534 1428 έστι
564 1367 662 1446 λόγος
687 1373 746 1447 τῆς
774 1349 840 1427 ΒΑ
871 1364 954 1449 τιρὸς
981 1363 1043 1445 τὴν
1071 1366 1140 1425 ΕΑ

121 1470 250 1551 δοθείς,
273 1467 406 1533 δέδοται
429 1471 494 1555 ἄρα
517 1471 554 1533 τὸ
581 1474 678 1534 ΒΑΕ
698 1473 864 1556 τρίγωνον
886 1477 932 1556 τῷ
956 1468 1052 1532 εῖδει·
1082 1468 1139 1532 δο-

122 1582 222 1640 θεῖσα
245 1577 309 1660 ὐίρα
333 1573 424 1641 ἐστὶν
447 1577 467 1660 ἡ
490 1577 555 1641 ὑπὸ
578 1588 645 1642 τῶν
664 1581 768 1641 ΑΒΕ
788 1578 902 1659 γωνία.
940 1570 1065 1639 ἔστιδὲ
1084 1572 1140 1638 καὶ

122 1682 181 1764 ὅλη
204 1680 224 1764 ἡ
248 1682 313 1746 ὑπὸ
337 1694 405 1748 τῶν
428 1686 533 1747 ΑΒΓ
558 1686 664 1765 γωνία
687 1684 840 1748 δοθεῖσα·
872 1679 927 1745 καὶ
951 1681 1050 1764 λοιτιὴ
1074 1681 1140 1764 ἄρα

70 1801 102 1849 15
121 1787 141 1870 ἡ
170 1788 234 1853 ὑπὸ
263 1801 330 1854 τῶν
352 1792 456 1853 ΕΒΓ
478 1790 618 1854 δοθεῖσα
646 1789 744 1854 ἐστιν.
789 1792 848 1853 καί
868 1786 936 1852 ἐστι
960 1788 1059 1867 λόγος
1081 1795 1141 1869 τῆς

122 1900 188 1959 ΑΒ
211 1897 294 1980 πρὸς
316 1897 377 1980 τὴν
402 1900 467 1960 ΒΕ
493 1897 622 1980 δοθείς,
650 1906 708 1980 τῆς
731 1893 768 1961 δὲ
790 1900 857 1960 ΑΒ
885 1895 968 1980 πρὸς
990 1894 1053 1977 τὴν
1077 1895 1146 1956 ΒΓ

122 2004 220 2083 λόγος
253 2000 481 2078 ε’στὶδοθείς·
518 2001 573 2067 καλ
601 1982 659 2087 τύγς
685 2007 749 2066 ΕΒ
781 2003 853 2088 ἄρα
877 2001 960 2086 πρὸς
986 2000 1048 2083 τὴν
1077 2002 1145 2063 ΒΓ

122 2109 220 2189 λόγος
243 2107 311 2172 ἐστὶ
335 2110 458 2185 δοθείς.
495 2112 554 2173 καί
574 2108 643 2172 ἐστι
667 2109 808 2172 δοθεῖσα
830 2107 850 2191 ἡ
869 2105 934 2170 ὑπὸ
954 2116 1022 2169 τῶν
1041 2108 1143 2169 ΓΒΕ

122 2217 240 2294 γωνία·
265 2213 397 2278 δέδοται
420 2217 485 2302 ἄρα
508 2217 545 2279 τὸ
569 2218 668 2279 ΒΓΕ
688 2217 852 2300 τρίγωνον
875 2221 921 2299 τῷ
945 2212 1035 2276 εῖδει.
1083 2212 1140 2275 διὰ

70 2332 103 2380 20
123 2320 162 2382 τδι
186 2320 270 2383 αὐτὰ
294 2320 335 2404 δὴ
363 2318 478 2385 καὶτὸ
503 2325 601 2386 ΓΔΕ
626 2319 863 2407 τρίγωνοντῷ
887 2318 968 2382 εῖδει
992 2316 1139 2382 δέδοται·

121 2425 162 2487 τὰ
190 2426 254 2508 ἄρα
282 2425 443 2509 δεδομένα
471 2428 692 2511 εὐθύγραμμα
718 2435 764 2513 τῷ
794 2426 874 2490 εῖδει
901 2425 948 2500 είς
976 2422 1139 2508 δεδομένα

121 2534 267 2615 τρίγωνα
291 2532 465 2618 διαιρεῖται
489 2543 535 2620 τῷ
560 2534 650 2597 εῖδει.

597 2752 641 2811 μη
659 2777 666 2790 ·

189 2847 267 2914 Ἐδιν
286 2849 349 2914 ὐπὸ
369 2860 427 2934 τῆς
445 2851 546 2935 αὐτῆς
564 2822 698 2926 εὐθείας
716 2851 778 2915 δύο
797 2853 943 2936 τρίγωνα
962 2848 1142 2942 ἀναγραφῇ

68 2967 104 3017 25
124 2956 284 3041 δεδομένα
307 2966 352 3045 τῷ
376 2958 467 3041 εῖδει,
491 2959 592 3039 λόγον
615 2955 678 3034 ἔξει
701 2958 785 3041 τιρὸς
805 2957 931 3039 ἄλληλα
949 2954 1140 3040 δεδομένον.

191 3063 254 3129 ἀπὸ
282 3065 346 3150 γὰρ
369 3074 427 3148 τῆς
450 3064 552 3147 αὐτῆς
574 3064 708 3140 εὐθείας
731 3072 789 3147 τῆς
812 3067 879 3127 ΑΒ
897 3060 970 3126 Ιδύο
993 3065 1140 3148 τρίγωνα

194 3264 218 3311 2.
240 3257 279 3320 εἰς
298 3253 435 3324 δεδομένα
455 3259 493 3326 τῷ
512 3253 582 3309 είδει
599 3252 721 3324 τρίγωνα
741 3257 892 3321 διαιρεῖται
909 3253 937 3322 b,
956 3252 1026 3308 item
1044 3251 1094 3306 lin.
1116 3257 1141 3308 5.

160 3332 257 3382 7.ΒΕ
291 3327 416 3381 ABEb.
491 3325 959 3398 10.EA]AEb‚itemlin.11.
1034 3320 1141 3378 ἐτεί-

125 3403 166 3466 12.
187 3330 296 3470 δοθεύς]
321 3397 415 3452 nescio
439 3414 476 3450 an
499 3395 671 3466 interpolata
696 3396 778 3450 einh,
837 3401 876 3450 13.
903 3394 975 3450 ἔστιν
995 3412 1021 3450 v.
1098 3399 1139 3448 15.

120 3470 190 3540 τῶν]
206 3470 296 3525 om,b.
370 3469 455 3539 ἐστιν]
475 3467 532 3521 ἐστι
550 3486 576 3522 v,
650 3474 692 3522 17.
714 3468 777 3538 ER]
799 3471 848 3520 ΓΒ
867 3467 894 3520 b.
963 3464 1027 3537 τήν]
1047 3465 1140 3521 om.b.
