2400 3840
114 89 180 205 20])
405 223 409 229 η
444 228 448 236 Ι
527 142 716 195 APPENDIX.
767 132 773 145 ’

114 297 182 351 τῶν
207 289 245 367 Θ,
264 287 299 348 K
319 287 472 368 σημείων.
514 287 583 350 ἔστι
607 281 643 349 δὲ
662 283 716 348 καί
739 285 776 348 τὸ
795 289 827 349 Ε
848 282 965 349 δοθέν·
990 286 1133 350 δοθεῖσα

115 394 179 477 ἄρα
203 388 293 457 ἐστίν
316 390 451 476 ἑκατέρα
474 403 540 456 τῶν
567 395 640 474 ΘΕ,
659 395 740 455 ΕΚ·
764 393 863 473 λόγος
890 392 954 476 όίρα
981 401 1039 475 τῆς
1070 396 1137 456 ΘΕ

115 499 199 582 πρὸς
216 500 286 562 ΕΚ
302 498 429 572 δοθείς·
449 496 494 572 ὡς
517 492 554 561 δὲ
576 495 596 579 ἡ
619 501 684 561 ΘΕ
704 498 786 581 πρὸς
804 498 866 580 τὴν
885 500 962 579 ΕΚ,
986 496 1134 580 οὕτωςη

115 607 188 668 ΗΕ
202 604 286 688 πρὸς
299 607 377 669 ΕΖ·
397 606 494 685 λόγος
513 604 577 688 ἄρα
595 601 651 667 καὶ
668 612 727 685 τῆς
739 600 812 666 ΗΕ
828 604 911 687 πρὸς
925 607 988 666 ΕΖ
1009 604 1135 678 δοθείς.

481 920 534 985 Ad
556 815 646 1005 pro}
670 919 769 984 XLV.

541 1041 696 1119 ’Ἁλλως
804 1043 809 1051 ’

181 1167 410 1250 Ἐκβεβλήσθω
429 1165 449 1247 ἡ
468 1170 531 1230 ΒΑ
555 1165 605 1230 ἐπ’
627 1167 771 1250 εὐθείας,
789 1165 845 1230 καί
863 1177 903 1251 τῇ
922 1172 955 1230 Α
961 1169 993 1230 Γ
1006 1169 1133 1232 κείσθω

118 1280 188 1356 ἴση,
217 1270 273 1336 καί
297 1270 479 1354 ἐπεζεύχθω
503 1270 524 1353 η
547 1278 580 1335 Δ
586 1274 620 1335 Γ
666 1270 722 1335 καὶ
745 1271 815 1338 ἐπεὶ
838 1275 935 1354 λόγος
960 1270 1030 1337 ἐστὶ
1054 1289 1135 1338 σνν-

65 1392 99 1439 10
118 1376 307 1464 αμφοτέρον
339 1387 398 1460 τῆς
427 1380 528 1442 ΒΑΓ
554 1379 639 1463 πρὸς
671 1380 732 1462 τὴν
757 1381 821 1442 ΤΒ
852 1379 982 1462 δοθείς,
1014 1384 1070 1461 ίση
1099 1375 1136 1443 δὲ
1162 1424 1166 1431 ·

116 1483 137 1567 ἡ
162 1487 223 1548 ΓΑ
245 1494 285 1569 τῇ
310 1490 390 1566 ΔΑ,
420 1485 518 1565 λόγος
541 1485 605 1569 ἄρα
629 1492 686 1567 τῆς
708 1487 772 1548 ΒΛ
797 1486 881 1570 πρὸς
903 1486 965 1568 την
987 1487 1057 1548 ΒΓ
1080 1486 1136 1549 δο-

117 1595 203 1668 θείς·
226 1594 285 1654 καί
306 1590 376 1655 ἐστι
399 1591 539 1654 δοθεῖσα
562 1590 582 1674 ἡ
606 1590 670 1655 ὑπὸ
692 1600 764 1665 τεόνΙ
778 1593 896 1655 ΑΔΓ·
920 1590 1052 1674 ἡμίσεια
1070 1591 1135 1676 γοίρ

118 1697 187 1762 ἐστι
215 1706 272 1780 τῆς
299 1697 364 1762 ὑπὸ
388 1700 500 1788 ΒΑΓ·
534 1695 668 1761 δέδοται
696 1697 770 1781 δίρα-
783 1696 820 1760 τὸ
844 1701 907 1761 ΒΔ
913 1699 946 1760 Γ
969 1699 1137 1782 τρίγωνον

118 1813 163 1891 τῷ
186 1805 282 1893 εῖδει·
306 1804 447 1867 δοθεῖσα
470 1805 534 1887 όίρα
558 1800 647 1868 ἐστίν
670 1803 691 1887 ἡ
714 1801 779 1867 ὑπὸ
803 1813 871 1867 τῶν
894 1805 1001 1867 ΑΒΓ
1018 1804 1136 1884 γωνία.

66 1921 99 1968 15
119 1911 187 1974 ἔστι
211 1906 247 1973 δὲ
270 1906 325 1973 καί
348 1908 368 1992 ἡ
391 1909 457 1974 ὑπὸ
479 1920 546 1974 τῶν
570 1912 671 1974 ΒΑΓ
689 1911 842 1974 δοθεῖσα·
868 1907 924 1972 καὶ
947 1910 1045 1992 λοιπε]
1070 1910 1137 1992 όίρα

118 2013 138 2097 ἡ
159 2015 224 2079 ὑπὸ
243 2027 311 2080 τῶν
330 2017 428 2079 ΑΓΒ
453 2016 593 2081 δοθεῖσοί
612 2015 715 2079 ἐστιν·
740 2013 872 2079 δίδοται
895 2017 959 2097 όίρα
978 2015 1015 2078 τὸ
1035 2017 1145 2078 ΑΒΓ

119 2124 285 2206 τρίγωνον
307 2130 353 2207 τῷ
377 2122 466 2185 είδει.

474 2400 527 2465 Ad
548 2298 651 2485 prolg
664 2401 779 2466 XLVI.

66 2538 100 2585 νο
544 2521 699 2599 ’Ἀλλως

109 2686 121 2705 .
187 2647 322 2709 Κείσθω
346 2655 386 2730 τῇ
411 2648 471 2709 ΓΑ
499 2650 553 2728 ίση
577 2646 597 2730 ἡ
620 2653 701 2729 ΔΑ,
728 2645 784 2711 καί
808 2640 991 2731 ἐπεζεύχθω
1014 2647 1036 2730 ἡ
1060 2654 1139 2715 ΔΓ.

120 2748 189 2815 ἐπεὶ
213 2753 311 2832 λόγος
334 2749 401 2816 ἐστὶ
422 2749 676 2837 συναμφοτέρου
695 2761 753 2836 τῆς
771 2756 874 2817 ΒΑΓ
890 2755 973 2838 πρὸς
991 2756 1054 2838 τὴν
1074 2759 1138 2821 ΓΒ

119 2859 245 2940 δοθείς,
271 2863 325 2940 ίση
349 2854 386 2921 δὲ
409 2857 429 2941 ἡ
454 2861 514 2922 ΓΑ
537 2868 576 2944 τῇ
600 2864 675 2941 ΑΔ,
699 2860 797 2940 λόγος
820 2860 884 2944 ἄρα
907 2857 1044 2942 καὶτῆς
1067 2867 1137 2926 ΔΒ
1184 2925 1190 2937 ,

156 2976 333 2990 -Δ---

194 3054 217 3103 1.
244 3051 320 3117 Θ,Κ
341 3047 472 3121 σημείων]
498 3052 573 3119 Κ,Θ
596 3066 621 3103 ο.
652 3049 655 3055 ’
712 3047 772 3121 καί]
792 3066 844 3104 om.
864 3049 943 3119 Vat„
967 3051 1031 3105 add.
1051 3070 1088 3107 m.
1110 3059 1135 3108 θ.

156 3122 289 3192 δοθεῖσα]
308 3118 387 3176 θέσει
407 3138 431 3175 a.
530 3127 553 3175 3.
575 3124 633 3175 ΕΚ
645 3121 719 3244 ηαδ]
738 3124 794 3175 ΚΕ
813 3137 838 3176 a.
933 3126 957 3176 4.
978 3125 1032 3176 ΕΖ
1047 3125 1136 3196 (utr.)]

119 3192 171 3261 τὴν
193 3195 247 3246 ΕΖ
265 3208 290 3246 a.
381 3189 441 3263 καί]
467 3209 520 3246 om.
539 3210 565 3245 v.
657 3196 680 3244 8.
719 3189 750 3244 π’
772 3189 898 3263 εὐθείας]
918 3208 971 3245 om.
991 3192 1017 3246 b.
1111 3200 1136 3250 9.

119 3262 187 3315 Post
216 3261 260 3331 λ’ση
287 3262 353 3316 add.
382 3263 475 3331 ἡΑΔ
502 3262 529 3316 b.
620 3259 668 3316 καί
687 3260 774 3335 (alt.)]
803 3279 856 3316 om.
880 3262 907 3316 b.
998 3268 1040 3317 11.
1069 3267 1136 3337 ΔΑ]

104 3338 169 3386 ,ΑΔ
186 3333 213 3386 b.
301 3338 342 3387 12.
363 3331 436 3388 ἐστιν
454 3333 472 3402 ἡ
491 3333 547 3387 ὑπὸ
565 3336 647 3386 ΑΔΓ
662 3330 749 3402 γωνία
770 3333 888 3387 δοθεῖσα
907 3333 934 3386 b.
1021 3333 1136 3404 ἡμίσεια

120 3408 206 3456 -13,
223 3404 320 3475 ΒΑΓ]
336 3403 426 3457 om.b.
488 3410 529 3458 13.
548 3412 603 3458 τῶν
622 3407 705 3458 ΒΑΓ
719 3404 794 3472 vat„
813 3413 868 3459 τῶν
888 3403 1029 3459 del.·m.2.
1091 3412 1134 3461 14.

57 3474 148 3608 NP
168 3471 255 3541 γωνία
279 3505 312 3514 -
337 3478 378 3528 15.
403 3476 538 3546 δοθεῖσα]
567 3491 620 3529 om.
644 3474 671 3528 b.
778 3479 819 3530 15.
849 3474 922 3546 ἄρα]
951 3491 1004 3530 om.
1029 3475 1095 3531 Vat.
1107 3495 1133 3533 v.
