2400 3840
515 161 680 216 εοΗοτιΑ.
1037 165 1101 231 281

443 354 496 420 Ad
518 379 608 442 prop.
632 358 750 424 XXVI.

157 479 208 543 82.
241 479 288 542 Τὰ
307 486 349 566 A,
364 485 392 544 Β
411 481 544 547 δέδοται
562 494 602 569 τη
619 482 727 549 θέσει·
750 488 855 570 μόνον
873 487 935 573 γὰρ
955 497 994 572 τη
1010 485 1104 552 θέσει

88 583 223 650 δέδοται
245 586 286 649 τὰ
310 599 436 672 σημεῖα.

434 764 485 830 Ad
508 789 600 852 prop.
623 767 759 833 XXVII.

156 890 207 954 83.
242 890 288 953 Ec
317 885 378 974 μέν
405 891 469 975 γὰρ
496 891 533 955 τὸ
562 895 590 954 Β
623 903 760 977 σημεῖον
791 892 812 975 ἢ
840 893 932 970 ἐντὸς
963 892 984 976 ἢ
1012 891 1103 970 ἐκτὸς
1140 914 1157 961 5

87 1006 325 1079 μεταπεσεῖται,
348 996 409 1060 οὐκ
428 999 519 1062 ἔσται
537 1007 583 1085 τῷ
602 997 736 1083 μεγέθει
754 998 915 1084 δεδομένη
934 999 954 1083 ἡ
974 1000 1102 1065 εὐθεῖα·

89 1103 121 1165 εί
143 1096 179 1164 δὲ
202 1112 429 1184 μεταπεσεῖται
452 1101 473 1185 ἢ
496 1104 565 1167 ἄνω
589 1103 609 1186 ἢ
632 1104 731 1188 καίτοι,
755 1104 817 1170 οὐκ
839 1108 930 1171 ἔσται
952 1117 991 1193 τῇ
1009 1105 1103 1172 θέσει

89 1204 259 1292 δεδομένη.

452 1330 505 1396 Ad
527 1354 618 1417 prop.
641 1333 743 1400 XXX.

157 1455 207 1521 84.
236 1456 372 1530 Παντὸς
394 1456 457 1541 γὰρ
476 1457 642 1540 τριγώνου
660 1456 680 1539 ἡ
700 1456 793 1534 ἐκτὸς
810 1462 916 1541 γωνία
936 1459 1014 1526 δυσὶ
1032 1473 1104 1538 ταῖς
1123 1479 1159 1527 10

90 1561 183 1638 έντὸς
205 1561 260 1626 καί
284 1561 484 1626 ἀπεναντίον
508 1567 561 1644 ίση
586 1561 684 1626 ἐστίν.

442 1772 494 1838 Ad
517 1795 607 1858 prop.
631 1774 748 1840 XXXI.

157 1900 208 1964 85.
239 1896 315 1962 Ἐὰν
342 1897 460 1963 εὐθεῖα
486 1909 526 1984 τῇ
553 1897 647 1964 θέσει
675 1901 778 1986 δοθῇ,
810 1899 942 1966 δέδοται
974 1899 1029 1967 καί
1057 1915 1102 1992 τῷ

89 2002 236 2089 μεγέθει·
261 2003 320 2070 ἐὰν
342 2013 388 2093 τςό
411 2004 556 2090 μεγέθει,
580 2007 672 2071 οὕτω
695 2004 751 2070 καί
773 2017 813 2094 τῇ
832 2007 937 2073 θέσει·
963 2010 1103 2075 δύναται

89 2112 152 2197 γὰρ
175 2114 396 2196 μεταπίπτειν.
1123 2133 1157 2181 15

158 2236 209 2302 86.
245 2235 340 2301 Θέσει
364 2237 428 2322 ἄρα
451 2259 481 2319 p.
501 2236 553 2317 52,
571 2236 629 2320 23]
653 2238 710 2302 διὰ
732 2240 812 2316 τοὺς
835 2239 942 2324 ὅρους.
983 2242 1104 2318 κύκλος

90 2343 153 2428 γὰρ
185 2352 225 2428 τῇ
253 2340 347 2406 θέσει
373 2339 429 2406 καὶ
455 2351 502 2430 τῷ
529 2341 663 2427 μεγέθει
695 2344 857 2410 δεδόσθαι
888 2344 1030 2431 λέγεται,
1062 2344 1103 2414 οὗ

91 2446 224 2514 δέδοται
247 2449 284 2513 τὸ
308 2444 369 2533 μὲν
391 2447 531 2534 κέντρον
548 2458 588 2535 τῇ
606 2448 712 2534 θέσει,
734 2450 755 2534 η
775 2448 812 2516 δέ
831 2451 866 2517 ἐκ
884 2462 944 2518 τοῦ
962 2452 1102 2539 κέντρου

89 2564 135 2642 τῷ
160 2552 303 2640 μεγέθει.

158 2680 210 2743 87.
252 2683 303 2764 Τῇ
332 2676 427 2744 θέσει
458 2678 514 2745 καί
546 2689 591 2769 τῷ
624 2683 757 2766 μεγέθει
789 2684 910 2761 κύκλος
942 2684 1104 2750 δεδόσθαι
1122 2699 1158 2747 20

91 2783 229 2868 λέγεται,
253 2780 293 2850 οὗ
314 2783 447 2850 δέδοται
470 2792 549 2870 ντί,
572 2788 617 2863 ὡς
639 2787 675 2852 έν
698 2800 768 2865 τοῖς
791 2791 890 2875 ὅροις.

114 2940 304 2948 .....—--.—--

84 2982 88 2992 ’
162 3013 382 3080 ammam.
464 3018 506 3068 83.
525 3012 909 3083 P1Vat.vM0n.Ambr.<›20.
991 3016 1103 3070 84.Pz.

127 3090 169 3140 85.
188 3084 472 3153 PlVatMoanzs.
546 3089 587 3138 86.
607 3085 672 3139 ΡΙτ.
747 3089 788 3139 87.
808 3084 874 3139 Plo.

162 3305 187 3355 2.
206 3299 253 3371 ταΊ
273 3300 368 3368 δῆλον,
388 3295 431 3352 δτι
443 3295 479 3352 τά
497 3300 519 3350 ί.
575 3297 667 3366 μόνως
684 3301 706 3352 λ.
762 3303 786 3353 6.
808 3297 894 3371 ἔσται]
916 3298 971 3354 έστι
984 3301 1104 3370 Vm,

92 3370 148 3440 ἄρα
171 3369 349 3425 Mon.Ambr.
442 3365 579 3438 δεδομένη
604 3367 680 3423 ἔσται
701 3369 797 3424 Ambr.
889 3376 911 3425 7.
938 3370 1025 3444 ἔσται]
1049 3371 1105 3427 έστι

91 3442 225 3512 νΜοηρ,
249 3441 304 3510 ἄρα
324 3440 418 3496 Ambr.
511 3439 587 3495 ἔσται
605 3438 743 3510 δεδομένη
762 3440 856 3496 Ambr.
949 3447 989 3498 13.
1014 3445 1103 3517 δοθῇ]

91 3515 194 3585 δειχθη
213 3533 237 3581 ρ.
311 3517 352 3567 14.
373 3511 462 3584 οὕτω]
483 3529 536 3566 om.
554 3512 654 3567 Mons
673 3511 776 3566 lacuna
793 3511 901 3568 relicta.
