2400 3840
518 123 622 175 DATA.
1036 120 1075 183 'll

539 301 604 366 XL.

129 443 163 508 Si
191 445 347 530 trianguli
371 444 491 529 singuli
515 444 626 529 anguli
649 445 717 509 dati
741 451 818 509 sunt
842 447 1077 533 magnitudine,

55 550 242 636 triangulus
267 552 362 615 datus
386 555 436 615 est
459 551 573 635 speeie.

125 679 203 720 nam
221 656 376 742 trianguli
391 660 496 721 ΑΒΓ
514 656 635 742 singuli
654 657 765 743 anguli
785 657 852 722 dati
872 658 939 722 sint
952 661 1076 745 magni-

54 763 181 827 tudine.
227 762 307 848 dieo,
330 762 531 848 triangulum
555 767 660 827 ΑΒΓ
678 765 790 828 datum
813 786 883 829 esse
907 765 1022 849 speeie.

124 872 267 952 ponatur
298 868 385 932 enim
421 873 510 933 recta
540 873 609 933 ΔΒ
643 869 806 952 positione
844 874 877 933 et
913 872 1075 957 magnitu-

55 975 133 1040 dine
162 975 251 1059 data,
282 977 315 1038 et
343 975 383 1038 ad
406 979 476 1038 AE
504 979 536 1038 et
563 979 684 1059 punota
711 974 746 1037 in
774 997 812 1038 ea
838 977 947 1060 posita
975 985 1022 1064 A,
1045 985 1076 1044 E

55 1083 181 1167 angulo
208 1085 301 1145 ΓΒΑ
328 1080 471 1164 aequalis
496 1085 703 1145 construatur
726 1082 863 1167 angulus
887 1084 1074 1150 rectilineus

408 1249 411 1254 .
462 1192 563 1251 ΕΔΖ
591 1191 624 1250 et
652 1188 773 1274 angulo
802 1193 901 1254 ΑΓΒ
929 1191 1073 1274 aequalis

349 1291 378 1346 Α
462 1299 563 1359 ΔΕΖ
600 1293 744 1379 [1,23].
795 1297 938 1380 reliquus
971 1299 1074 1385 igitur

54 1474 57 1479 Ι
461 1401 599 1486 angulus
623 1404 725 1465 ΒΑΓ
746 1402 871 1486 reliquo
896 1411 929 1469 A
937 1410 1001 1470 ZE
1027 1429 1077 1471 ae-

461 1507 566 1590 qualis
594 1511 644 1572 est
673 1505 715 1594 [1,
738 1507 805 1592 32].
861 1511 918 1574 sed
951 1512 1073 1597 singuli

327 1569 351 1741 s
393 1617 415 1669 Z
461 1614 573 1699 anguli
597 1615 637 1678 ad
659 1620 781 1698 puncta
800 1621 841 1699 A,
860 1620 898 1701 B,
918 1621 950 1681 Γ
974 1619 1072 1701 posit'

110 1722 138 1775 Β
331 1695 361 1742 P
462 1719 528 1784 dati
558 1724 642 1785 sunt.
694 1720 805 1805 itaque
829 1722 928 1788 etiam
952 1724 1074 1808 singuli

462 1825 574 1911 anguli
589 1826 629 1889 ad
642 1831 684 1910 A,
694 1831 771 1910 E,Z
789 1828 890 1911 positi
909 1829 976 1893 dati
996 1835 1073 1894 sunt

462 1928 595 2017 [def.1].
632 1931 699 1996 iam
718 1934 872 2017 quoniam
891 1935 931 1998 ad
949 1940 1073 2000 reotam

459 2037 622 2122 positione
630 2037 810 2103 datamAE
818 2045 850 2102 et
858 2039 1073 2125 datumpuno-

58 2179 90 2238 Δ
335 2184 366 2232 E
460 2147 532 2207 tum
552 2143 587 2207 in
603 2165 640 2207 ea
660 2144 806 2228 positum
823 2152 856 2210 A
876 2151 966 2212 reeta
986 2148 1073 2212 linea

460 2254 523 2315 AZ
533 2250 630 2314 ducta
640 2255 690 2315 est
700 2251 811 2315 datum
821 2251 964 2317 efficiens
975 2276 1075 2340 angu-

54 2360 129 2423 lum
139 2358 222 2423 adA
235 2357 390 2443 positum,
403 2362 437 2422 A
443 2362 470 2420 Z
485 2358 561 2421 data
575 2356 637 2420 erit
645 2357 808 2441 positione
824 2358 928 2444 [prop.
938 2359 1074 2446 XXIX}

55 2465 172 2530 eadem
200 2463 302 2550 igitur
330 2464 368 2528 de
397 2485 493 2528 eausa
516 2463 615 2527 etiam
638 2467 702 2528 ΕΖ
728 2464 891 2548 positione
916 2467 991 2532 data
1014 2474 1073 2536 est.

55 2572 170 2654 itaque
197 2574 355 2655 punctum
384 2573 411 2631 Z
444 2568 556 2632 datum
583 2573 633 2633 est
662 2565 765 2655 [prop.
789 2567 905 2656 XXV}
960 2596 1074 2640 uerum

57 2677 159 2742 etiam
190 2681 364 2758 utrumque
391 2679 549 2759 punctum
580 2681 627 2759 A,
650 2679 681 2738 E
715 2675 827 2752 datum
860 2680 918 2740 est.
975 2702 1073 2762 quare

56 2804 271 2866 unaquaeque
294 2785 456 2846 rectarum
474 2785 550 2864 AZ,
568 2784 644 2863 AE,
662 2783 726 2844 ΕΖ
749 2781 825 2844 data
844 2786 895 2846 est
912 2784 1074 2867 positione

56 2895 92 2954 et
115 2887 338 2974 magnitudine
363 2885 467 2971 [prop.
486 2884 619 2965 XXVI}
666 2906 743 2970 ergo
767 2886 950 2972 triangulus
971 2895 1004 2953 A
1011 2894 1075 2955 ΖΕ

57 2996 155 3060 datus
184 2997 235 3058 est
263 2993 368 3078 specie
398 2996 501 3077 [prop.
520 2988 683 3072 XXXIX}
738 2995 771 3054 et
799 2992 914 3056 similis
943 3000 992 3058 est
1017 2996 1074 3059 tri-

57 3102 180 3187 angulo
205 3103 310 3165 ΑΒΓ
338 3095 479 3184 [V1,4].
530 3119 607 3182 ergo
636 3097 735 3161 etiam
763 3098 947 3182 triangulus
973 3105 1079 3166 ΑΒΓ

56 3210 153 3274 datus
177 3211 228 3271 est
251 3205 357 3290 specie
382 3203 456 3288 [def.
477 3203 520 3286 3].

915 3333 1065 3343 ——

52 3404 137 3542 &supe
155 3415 304 3523 upubeunv
323 3418 340 3466 η
359 3401 414 3450 AZ
431 3414 467 3449 m.
488 3401 512 3449 2.
596 3402 637 3449 18.
658 3392 743 3466 ἐστίν]
764 3394 820 3449 ἐστι
838 3395 935 3452 Vatv.
1028 3405 1071 3454 20.

55 3475 113 3527 ΔΖ
147 3475 194 3525 ΖΔ
233 3513 238 3523 .
