2400 3840
536 153 725 204 APPENDIX.

606 340 686 430 ιο·

494 471 546 536 Ad
569 493 659 555 prop.
683 469 765 536 XCI.

549 594 702 671 Ἄλλως.

190 724 355 805 Είλήφθω
385 721 421 783 τὸ
449 719 587 804 κέντρον
614 728 674 783 τοῦ
697 720 822 783 κύκλου
850 721 888 784 τὸ
912 724 956 802 Ε,
988 717 1045 783 καὶ
1070 720 1145 785 ε’τιε-

89 830 251 911 5ζεύχθω
276 826 296 908 ἡ
319 830 390 889 ΛΕ
415 822 470 888 καὶ
494 826 622 907 διήχθω
647 822 699 888 ἐπὶ
722 826 759 889 τὸ
785 830 826 888 Α.
863 822 919 888 καὶ
942 823 1012 889 ἐπεὶ
1034 827 1143 892 δοθέν

125 934 215 998 ἐστιν
238 930 392 1017 ἑκάτερον
415 941 482 995 τῶν
505 935 548 1013 Ε,
568 935 615 1013 A,
643 931 784 994 δοθεῖσα
810 932 874 1015 ἄρα
898 929 989 995 ἐστίν
1012 930 1033 1012 ἡ
1056 937 1143 997 EA·

124 1038 216 1104 θέσει
240 1035 277 1101 δὲ
299 1036 355 1102 καὶ
378 1037 396 1102 δ
420 1040 521 1100 ΑΒΖ
544 1037 677 1112 κύκλος·
701 1032 804 1100 δοθὲν
830 1038 894 1122 ἄρα
917 1035 1007 1101 ἐστὶν
1032 1035 1143 1104 ἑκοίτε-

125 1168 186 1228 ρον
209 1155 276 1207 τῶν
294 1149 337 1224 A,
353 1146 389 1204 Z.
427 1145 495 1205 ἔστι
519 1138 555 1205 δὲ
577 1141 633 1205 καὶ
656 1143 692 1206 τὸ
712 1148 745 1206 A
769 1141 886 1206 δοθέν·
911 1144 1052 1207 δοθεῖσα
1077 1146 1144 1229 ἄρα

125 1246 215 1312 ἐστὶν
239 1244 372 1331 ἑκατέρα
396 1258 463 1310 τῶν
486 1252 565 1329 AA,
584 1253 618 1309 A
625 1251 665 1309 Z·
699 1245 803 1312 δοθὲν
832 1249 896 1334 ἄρα
920 1247 988 1314 ἐστὶ
1012 1251 1050 1313 τὸ
1075 1250 1142 1314 ὑτιὸ

73 1365 105 1413 10
125 1365 191 1418 τῶν
219 1357 332 1417 ΑΛΖ·
369 1354 427 1416 καί
456 1351 546 1416 ἐστιν
579 1358 653 1417 ίσον
685 1363 730 1440 τῷ
764 1354 830 1418 ὑπὸ
861 1366 928 1433 τῶν
957 1360 1030 1438 ΒΛ,
1054 1360 1143 1420 ΔΓ·

126 1455 229 1523 δοθὲν
252 1460 316 1544 ἄρα
339 1455 408 1522 ἐστὶ
430 1456 486 1522 καί
509 1459 546 1522 τὸ
570 1458 635 1522 ὑπὸ
659 1470 726 1522 τῶν
751 1464 823 1542 BA,
842 1464 917 1525 ΛΓ.

480 1775 532 1840 Ad
554 1672 657 1860 proi}
668 1774 784 1840 XCIII.

550 1897 705 1974 Ἄλλως.

74 2037 106 2084 15
191 2026 332 2109 Διήχθω
356 2025 376 2108 ή
400 2027 471 2088 ΑΓ
493 2021 546 2089 §A
568 2024 606 2087 τὸ
630 2028 673 2105 Ε,
705 2021 760 2086 καὶ
783 2026 907 2087 κείσθω
931 2034 970 2108 τῇ
994 2027 1063 2088 ΒΓ
1087 2031 1144 2109 ἴση

126 2131 145 2212 ἡ
170 2134 242 2214 ΓΕ,
265 2128 320 2195 καὶ
345 2129 592 2213 ἐπεζεύχθωσαν
616 2130 654 2192 αί
673 2133 747 2211 ΕΒ,
767 2133 838 2193 BA.

192 2234 262 2300 ἐπεὶ
289 2237 388 2318 διτιλή
416 2234 506 2300 ἐστιν
533 2235 553 2318 ἡ
581 2235 647 2299 ὑπὸ
672 2245 740 2298 τῶν
763 2238 862 2299 ΑΓΒ
891 2232 1045 2321 ἑκατέρας
1072 2248 1143 2302 τῶν

126 2341 190 2405 ὑπὸ
213 2353 281 2405 τῶν
299 2347 332 2404 Α
339 2345 409 2423 ΓΔ,
429 2344 535 2423 ΓΒΕ,
560 2347 613 2423 ίσή
638 2342 701 2425 ἄρα
724 2338 815 2405 ἐστίν
834 2341 854 2424 ἡ
872 2340 937 2405 ὑπὸ
956 2352 1023 2406 τῶν
1044 2346 1145 2408 ΓΒΕ

127 2449 231 2527 γωνία
253 2455 293 2530 τή
315 2446 380 2509 ὑπὸ
403 2458 471 2509 τῶν
489 2452 521 2510 Α
528 2450 598 2529 ΓΛ,
621 2444 771 2511 τουτέστι
794 2457 833 2532 τῇ
856 2447 921 2511 ὑπὸ
945 2459 1011 2512 τῶν
1031 2452 1142 2514 ΑΒΔ.

72 2552 220 2640 κοσκοινή
244 2554 454 2636 προσκείσθω
478 2552 498 2634 ἡ
521 2552 586 2616 ὑπὸ
610 2563 677 2617 τῶν
700 2556 819 2617 ΑΒΓ·
854 2554 913 2636 ὅλη
941 2554 1005 2637 ἄρα
1030 2554 1051 2637 ἡ
1074 2555 1143 2620 ὑπὸ

127 2667 193 2719 τῶν
215 2660 321 2720 ΑΒΓ
339 2657 398 2742 ὅλή
421 2668 461 2743 τῇ
484 2658 549 2723 ὑπὸ
572 2670 639 2723 τῶν
664 2664 763 2723 ΖΒΕ
785 2659 875 2723 ἐστιν
899 2664 963 2741 ίση.
1010 2661 1079 2724 ἔστι
1104 2657 1144 2725 δὲ

126 2760 181 2826 καὶ
208 2761 228 2843 ἡ
255 2762 320 2827 ὑπὸ
348 2774 415 2828 τῶν
439 2767 533 2829 ΓΑΒ
561 2775 600 2850 τή
627 2765 692 2829 ὑπὸ
722 2776 789 2829 τῶν
816 2768 910 2829 ΓΑΒ
940 2770 1008 2847 ίσή·
1042 2768 1143 2850 λοιτιή

75 2953 80 2963 ·
127 2870 190 2953 ἄρα
213 2866 233 2951 ή
256 2869 321 2933 ὑπὸ
345 2879 412 2934 τῶν
436 2874 532 2934 ΓΕΒ
559 2876 656 2955 λοιπή
680 2881 719 2955 τῇ
742 2869 807 2934 ὑπὸ
832 2882 899 2948 τῶιχ
921 2874 1022 2935 ΔΓΒ
1050 2871 1143 2938 ἐστιν

197 3066 222 3115 4.
241 3061 302 3131 τοῦ]
322 3060 353 3114 τό
372 3078 397 3114 a.
486 3062 715 3132 5.AE]AEa.
797 3067 827 3115 A.
847 3059 911 3132 καί]
931 3064 1031 3115 AEa.
1116 3069 1142 3116 6.

128 3131 213 3202 ἐστιν]
233 3148 286 3185 om.
307 3149 331 3185 a.
413 3140 468 3185 τῶν
488 3136 562 3199 Ε,Δ
582 3163 615 3170 -
635 3139 658 3186 7.
679 3129 823 3204 ἑκάτερον]
847 3131 891 3185 bis
915 3149 940 3186 a.
1023 3139 1048 3186 6.
1072 3141 1129 3187 τῶν

126 3211 175 3271 τῆς
194 3218 224 3268 α;
247 3201 316 3255 item
334 3201 382 3255 lin.
403 3206 427 3270 9,
448 3207 489 3256 10,
567 3203 698 3273 δοθεῖσα]
717 3199 797 3257 θέσει
816 3219 840 3257 ει.
917 3203 935 3272 ή
956 3206 1023 3257 EA·
1047 3201 1129 3257 θέσει

126 3273 143 3341 ή
164 3275 215 3326 EA
232 3269 324 3327 θέσει·
344 3270 458 3326 δέδοται
476 3273 599 3328 PVat.v.
663 3279 686 3326 7.
707 3271 808 3344 δοθέν]
828 3273 858 3326 in
872 3272 983 3342 repetit.
1000 3271 1100 3337 δοθείς
1114 3290 1140 3328 a.

163 3348 186 3396 8.
214 3343 246 3413 Ζ]
265 3349 291 3396 A
310 3360 334 3397 a.
416 3343 446 3397 τὸ
466 3345 503 3414 A]
528 3361 581 3397 om.
601 3359 626 3397 a.
709 3345 840 3415 δοθεῖσα]
864 3342 944 3399 θέσει
962 3361 987 3397 a.
1071 3344 1141 3416 ἄρα]

128 3429 179 3464 om.
200 3413 274 3482 Vah,
299 3413 362 3467 add.
382 3431 417 3466 m.
438 3419 462 3467 2.
536 3419 560 3467 9.
580 3416 718 3486 ΑΛ,ΔΖ]
736 3419 796 3484 ΑΖ,
814 3419 861 3469 ZA
879 3416 980 3484 νεῖν,
1008 3418 1056 3468 ΖΔ
1075 3418 1140 3484 (om.

59 3515 85 3561 '.
126 3486 225 3551 ικχσ.
282 3489 323 3538 10.
343 3484 656 3554 AAz]AA‚AzVat.
712 3487 1141 3557 ΒΛ,ΛΓ]ΒΔΓι,ΔΒΓκ.
