2400 3840
117 132 160 196 32
522 136 726 188 AEAOMENA.

116 279 180 362 ἄρα
204 286 261 361 τῆς
284 281 348 341 ΕΒ
371 279 455 363 πρὸς
477 279 539 362 τὴν
562 282 625 342 BA
649 279 772 354 δοθείς.
818 287 876 362 τῆς
898 275 936 343 δὲ
959 284 1026 344 ΑΒ
1054 281 1140 366 πρὸς

116 386 177 467 την
197 386 266 447 ΒΓ
283 385 381 465 λόγος
404 382 473 449 ἐστὶ
495 385 624 459 δοθείς·
647 381 703 448 καὶ
726 392 784 467 τῆς
801 388 866 449 ΕΒ
889 385 953 470 όίρα
972 386 1058 471 πρὸς
1076 388 1139 470 τὴν

115 493 183 554 ΒΓ
210 493 308 572 λόγος
336 486 405 553 ἐστὶ
433 490 556 565 δοθείς.
606 493 665 553 καί
690 488 781 554 ἐστιν
808 488 896 575 όρθη
925 489 945 573 ἡ
972 489 1040 554 ὑπὸ
1069 502 1137 555 τῶν

116 600 218 661 ΒΕΓ
236 599 354 678 γωνία·
379 594 511 660 δέδοται
530 597 651 680 ἄρατὸ
670 599 773 660 ΕΒΓ
790 598 956 681 τρίγωνον
974 605 1020 683 τῷ
1041 597 1137 661 εῖδει·

79 702 255 766 σδοθεῖσα
283 703 347 788 ἄρα
376 699 465 765 ἐστίν
492 701 513 785 ἡ
540 701 606 766 ὑπὸ
631 705 736 766 ΒΓΕ.
783 704 852 766 ἔστι
881 697 918 765 δὲ
944 700 1000 765 καὶ
1023 700 1045 784 ἡ
1068 701 1135 766 ὑπὸ

116 811 216 872 ΒΑΓ
244 812 348 890 γωνία
380 808 533 872 δοθεῖσα·
571 805 627 872 καὶ
660 809 757 891 λοιπὴ
790 809 855 894 ἄρα
886 806 907 890 ἡ
939 807 1006 872 ὑπὸ
1035 811 1141 872 ΑΒΓ

116 917 221 996 γωνιά
245 914 385 978 δοθεῖσα
409 913 512 979 ἐστιν·
541 912 674 979 δέδοται
698 915 762 1000 ἄρα
785 915 822 978 τὸ
845 917 951 978 ΑΒΓ
968 917 1136 1000 τρίγωνον

116 1006 162 1108 τῷ
186 1021 276 1085 εῖδει.
1092 1015 1096 1022 ’

591 1159 653 1246 με’.

64 1319 98 1366 10
181 1301 258 1367 Ἐὰν
286 1305 450 1388 τρίγωνον
477 1306 557 1386 μιάν
585 1306 641 1388 ἔχη
665 1306 792 1386 γωνίαν
814 1301 1012 1387 δεδομένην,
1037 1304 1077 1367 αἱ
1098 1299 1135 1367 δὲ

113 1406 189 1494 περὶ
212 1411 274 1492 την
297 1408 479 1493 δεδομένην
502 1412 629 1492 γωνίαν
652 1408 792 1496 πλευραὶ
815 1411 1066 1494 συναμφότεραι
1089 1409 1134 1486 ὡς

114 1519 172 1600 μία
194 1517 278 1602 πρὸς
301 1517 363 1600 τὴν
386 1518 506 1598 λοιπὴν
528 1518 630 1598 λόγον
653 1501 751 1600 ἔχωσι
775 1515 970 1600 δεδομένον,
999 1514 1133 1580 δέδοται

113 1624 150 1686 τὸ
174 1625 339 1707 τρίγωνον
363 1632 408 1710 τῷ
433 1623 522 1686 εῖδει.

180 1732 262 1793 ἔστω
290 1731 454 1813 τρίγωνον
482 1729 518 1792 τὸ
547 1732 653 1793 ΑΒΓ
679 1732 760 1813 μίαν
789 1732 916 1811 γωνίαν
948 1726 1133 1812 δεδομένην

41 1828 94 1897 ¹15
115 1836 190 1917 ἔχον
213 1836 274 1919 τὴν
296 1833 362 1899 ὑπὸ
386 1845 453 1898 τῶν
476 1838 587 1917 ΒΑΓ,
614 1833 689 1920 περὶ
713 1831 749 1899 δὲ
772 1836 833 1919 τὴν
855 1834 920 1898 ὑπὸ
944 1837 1046 1898 ΒΑΓ
1068 1858 1133 1915 γω-

113 1944 190 2004 νίαν
218 1942 255 2004 αί
274 1944 430 2025 πλευραί,
462 1939 610 2005 τουτέστι
638 1944 889 2026 συναμφότερος
915 1939 936 2023 ἡ
960 1943 1063 2004 ΒΑΓ
1085 1940 1131 2015 ὡς

67 2079 76 2116 .’
112 2050 171 2129 μία
194 2048 277 2131 πρὸς
299 2049 360 2130 τὴν
384 2051 445 2112 ΓΒ
474 2050 574 2129 λόγον
602 2046 699 2131 ἐχέτω
724 2046 917 2132 δεδομένον·
951 2045 1051 2129 λέγω,
1080 2047 1132 2111 ὅτι

113 2155 150 2217 τὸ
174 2156 280 2217 ΑΒΓ
297 2157 462 2239 τρίγωνον
486 2152 619 2218 δέδοται
642 2162 687 2240 τῷ
712 2154 801 2217 εῖδει.

179 2260 351 2343 τετμήσθω
370 2261 434 2345 γὰρ
453 2260 473 2343 ἡ
491 2259 557 2323 ὑπὸ
577 2269 644 2322 τῶν
663 2263 764 2324 ΒΑΓ
781 2262 886 2341 γωνία
907 2260 983 2342 δίχα
1002 2269 1041 2344 τῇ
1061 2264 1128 2322 AA

58 2379 94 2426 20
113 2357 241 2449 εὐθείᾳ·
274 2364 414 2428 δοθεῖσα
442 2365 506 2449 ἄρα
534 2362 624 2430 ἐστὶν
650 2364 671 2448 ἡ
698 2365 763 2429 ὑπὸ
781 2358 982 2429 τῶνΒΑΛ
1010 2368 1127 2446 γωνία.

112 2468 167 2534 καὶ
191 2468 264 2533 ἐπεί
284 2467 374 2533 ἐστιν
398 2470 442 2545 ὡς
465 2470 485 2554 ἡ
509 2474 571 2535 BA
593 2472 677 2556 πρὸς
699 2473 759 2554 την
783 2475 863 2554 ΑΓ,
891 2471 998 2546 οὕτως
1021 2470 1041 2554 ἡ
1066 2475 1130 2534 BA

112 2577 195 2660 πρὸς
218 2576 279 2657 τὴν
298 2581 331 2639 A
338 2578 374 2658 Γ,
398 2575 536 2654 ἐναλλὰξ
555 2577 600 2655 ὡς
618 2577 638 2660 ἡ
658 2581 724 2642 ΑΒ
748 2579 831 2661 πρὸς
849 2578 910 2660 τὴν
925 2581 998 2660 BA,
1022 2576 1130 2652 οὕτως

112 2683 132 2765 ἡ
147 2688 179 2746 Α
186 2685 218 2746 Γ
235 2683 318 2766 πρὸς
336 2683 397 2766 τὴν
412 2685 486 2747 ΓΔ·
510 2680 565 2746 καὶ
584 2683 629 2760 ὡς
648 2685 899 2767 συναμφότερος
918 2683 982 2768 ἄρα
996 2682 1018 2766 ἡ
1032 2686 1134 2747 ΒΑΓ

111 2789 194 2872 πρὸς
217 2790 277 2871 τὴν
301 2792 373 2873 ΒΓ,
398 2789 503 2865 οὕτως
526 2790 546 2874 ἡ
570 2794 637 2854 ΑΒ
660 2791 743 2874 πρὸς
765 2792 825 2873 τὴν
850 2793 921 2853 BA.
968 2791 1067 2871 λόγος
1092 2785 1128 2853 δὲ

13 2974 21 2986 ⁰
58 2907 92 2956 25
112 2893 367 2979 συναμφοτέρου
391 2904 449 2978 τῆς
472 2899 573 2959 ΒΑΓ
590 2896 673 2980 πρὸς
696 2895 756 2978 τὴν
780 2898 848 2959 ΒΓ
871 2895 998 2975 δοθείς·
1030 2897 1129 2976 λόγος

112 3001 176 3086 ἄρα
198 2999 334 3084 καὶτῆς
357 3006 419 3066 ΒΑ
445 3003 528 3088 πρὸς
551 3003 613 3086 τὴν
636 3006 699 3065 BA
726 3001 849 3077 δοθείς.
899 3003 958 3066 καί
979 3000 1048 3066 ε’στι
1072 3002 1130 3065 δυ·-

183 3270 206 3319 1.
228 3266 292 3391 ER}
313 3268 366 3319 BE
384 3282 409 3319 ν.
466 3271 490 3320 2.
510 3264 625 3334 καὶτῆς
645 3269 697 3319 ΕΒ
716 3263 783 3335 ἄρα]
802 3272 851 3334 τῆς
870 3261 901 3318 δὲ
921 3267 973 3318 ΕΒ
992 3282 1018 3319 v.
1078 3263 1128 3320 καί

111 3367 143 3375 -
164 3341 188 3389 3.
209 3337 280 3390 δοθε
294 3338 319 3408 ς]
339 3353 391 3391 om.
411 3335 439 3389 b.
499 3340 523 3389 ό.
544 3337 642 3408 ΒΓΕ]
661 3345 716 3391 τῶν
734 3333 921 3406 ΑΒΓγωνία
939 3335 966 3389 b.
1028 3341 1051 3391 6.
1071 3345 1128 3391 τῶν

111 3406 231 3461 BAPb.
303 3405 502 3462 τῶνΑΒΓθ.
574 3412 615 3461 13.
635 3406 678 3479 τό]
698 3423 766 3460 corr.
787 3423 821 3460 ex
839 3412 876 3478 τῷ
893 3424 930 3461 m.
951 3413 966 3460 2
986 3424 1012 3462 v.
1084 3412 1126 3460 14.

109 3473 179 3546 μίαν
200 3476 263 3546 ἔχον
282 3476 388 3547 γωνίαν
408 3473 562 3546 δεδομένην
580 3478 607 3532 b.
683 3484 724 3546 152
743 3479 810 3549 τῶν]
830 3494 883 3531 om.
898 3477 925 3531 b.
999 3477 1055 3532 ὑπὸ
1070 3487 1126 3532 τῶν
