2400 3840
109 165 175 231 308
533 166 698 218 SOHOLIA.

180 311 252 374 172.
281 308 352 375 Ὅτι
381 311 401 394 6
430 310 486 374 διὰ
513 318 573 373 τοῦ
596 312 631 372 K
655 308 865 394 παράλληλος
888 319 928 394 τή
954 312 1027 372 ΖΗ
1051 307 1123 390 670-

111 417 193 502 μένή
218 417 395 502 ἐφάπτεται
419 426 477 500 τής
499 420 723 501 περιφερείας,
747 416 864 499 δήλου·
887 413 943 479 καὶ
966 415 1046 499 γάρ,
1071 413 1124 479 ἐὰν

111 522 187 610 περὶ
216 526 254 590 τὸ
282 527 387 588 ΑΒΓ
409 526 575 609 τρίγωνον
601 532 710 607 τμήμα
732 523 1002 608 περιγράψωμεν,
1031 522 1125 606 ὅμοια

112 634 203 696 ἔσται
221 632 262 695 τὰ
280 633 439 715 τμήματα,
462 628 516 694 καλ
541 628 612 694 ε’πεί
633 629 733 712 ἐστιν,
756 629 801 705 ὡς
825 628 844 711 6
864 631 932 693 ΒΓ
949 631 1033 714 πρὸς
1052 633 1125 712 ΕΑ,

77 737 219 813 σοῦτως
246 738 266 820 6
292 740 365 800 ΖΗ
386 736 470 821 πρὸς
492 738 579 800 ΗΚ·
611 734 631 817 6
661 731 697 798 δέ
724 739 791 799 EA
820 733 1012 819 ἐφάπτεται·
1047 736 1126 799 ὥστε

112 842 167 908 καὶ
191 845 210 927 6
235 844 291 908 διὰ
313 852 373 907 τοῦ
397 846 437 907 K.

182 970 255 1034 173.
285 966 372 1033 Ἐπεὶ
401 969 464 1053 γὰρ
493 965 625 1031 δέδοται
654 963 771 1049 ἑκάστη
799 978 867 1031 τῶν
889 971 1044 1052 πλευρῶν
1069 974 1126 1030 τοῦ

116 1080 221 1141 ΖΗΘ
244 1076 425 1161 τριγώνου,
458 1072 591 1138 δέδοται
614 1073 632 1139 6
656 1083 713 1156 τής
736 1077 801 1138 ΖΘ
827 1074 910 1158 πρὸς
935 1076 1009 1137 ΘΗ
1032 1076 1128 1155 λόγος

116 1183 172 1246 διὰ
200 1183 237 1245 τὸ
261 1179 304 1244 α’.
350 1181 451 1244 πάλιν
480 1178 548 1245 ἐπεὶ
578 1179 710 1244 δέδοται
738 1179 755 1245 6
783 1189 842 1263 τής
864 1183 931 1244 ΑΒ
960 1180 1045 1262 πρὸς
1068 1182 1129 1243 BA

64 1298 97 1346 10
117 1290 230 1370 λόγος,
258 1286 303 1362 ὡς
326 1285 503 1369 δέδεικται,
532 1285 664 1351 δέδοται
688 1283 724 1351 δὲ
752 1284 807 1350 καὶ
832 1286 849 1352 6
874 1295 932 1370 τῆς
955 1288 1026 1350 ΑΓ
1048 1287 1129 1371 πρὸς

117 1399 180 1459 BA
203 1396 315 1475 λόγος·
339 1393 383 1469 ὡς
402 1393 464 1478 γὰρ
489 1391 652 1457 δέδεικται
676 1392 693 1457 6
717 1403 775 1476 τῆς
793 1396 861 1457 ΒΓ
878 1393 961 1478 πρὸς
983 1394 1046 1476 τήν
1065 1397 1132 1456 AE

115 1503 248 1584 δοθείς,
281 1499 386 1574 οὕτως
414 1500 624 1583 δειχθήσεται
651 1497 707 1563 καὶ
734 1498 751 1564 6
780 1509 838 1581 τής
864 1502 935 1564 ΑΓ
956 1500 1041 1584 πρὸς
1069 1502 1131 1563 BA

119 1611 218 1691 λόγος
241 1608 368 1682 δοθείς·
391 1604 446 1670 καὶ
470 1605 487 1670 6
511 1615 569 1689 τής
590 1610 651 1670 BA
674 1607 738 1690 ἄρα
761 1607 844 1686 πρὸς
865 1608 927 1690 τήν
945 1611 977 1670 A
984 1609 1016 1670 Γ
1035 1609 1133 1688 λόγος

119 1713 187 1780 ἐστὶ
211 1712 325 1789 δοθεὶς
348 1714 404 1776 διὰ
427 1714 463 1776 τὸ
487 1709 531 1795 η’.
588 1711 657 1776 ἐπεὶ
689 1709 752 1778 οὖν
785 1718 853 1776 ίσαι
886 1710 971 1777 είσλν
1003 1714 1042 1777 αί
1066 1713 1131 1777 ὑπὸ

65 1831 98 1879 15
117 1824 222 1905 ΒΑΓ,
247 1824 355 1884 ΖΘΗ
373 1822 506 1902 γωνίαι,
534 1817 589 1883 καὶ
612 1822 713 1902 λόγον
737 1822 801 1902 ἕχει
825 1816 1004 1903 δεδομένον
1027 1818 1049 1902 6
1073 1816 1133 1903 μδν

118 1931 180 1992 BA
203 1928 286 2013 πρὸς
305 1929 379 2009 ΑΓ,
403 1926 422 2009 6
442 1922 479 1989 δὲ
499 1930 563 1990 ΖΘ
584 1927 667 2011 πρὸς
688 1930 771 2009 ΘΗ,
796 1924 956 2010 δεδομένα
980 1927 1045 2011 ἄρα
1065 1923 1133 1991 ε’στλ

119 2043 165 2122 τῷ
188 2035 278 2099 είδει.
984 2065 985 2069 =

186 2160 260 2223 174.
303 2158 431 2222 Τούτου
458 2166 517 2222 τοῦ
546 2160 760 2243 θεωρήματος
790 2159 941 2234 ἔνστασις
968 2168 1074 2223 κεῖται
1098 2157 1133 2222 έν

118 2275 157 2350 τῇ
181 2266 294 2350 πρώτῃ
319 2263 444 2350 έξωχιή,
468 2265 551 2329 ὅπου
576 2275 711 2348 σημεῖον
733 2265 810 2329 τόδε
832 2266 884 2351 6⁰6.

66 2397 101 2446 20
191 2390 262 2455 175.
285 2387 463 2464 ’Ένστασις
486 2391 533 2464 εἰς
555 2389 593 2453 τὸ
616 2386 653 2453 π’
672 2390 830 2475 θεώρημα
853 2388 905 2476 6⁰6.

188 2493 270 2579 φησὶ
293 2497 356 2581 γὰρ
385 2495 489 2583 ἐντῷ
512 2493 549 2560 π’
568 2498 772 2582 θεωρήματι·
800 2497 895 2581 ήχθω
923 2495 987 2561 ἀπὸ
1015 2505 1076 2561 τοῦ
1099 2501 1139 2561 Η

121 2604 257 2685 σημείου
290 2611 329 2685 τῇ
359 2604 432 2664 ΖΗ
458 2601 540 2685 πρὸς
570 2601 677 2687 ὀρθὰς
705 2605 827 2684 γωνίας
854 2603 969 2668 εὐθεῖα
997 2603 1017 2686 6
1047 2606 1133 2667 ΗΚ·

119 2705 175 2771 καὶ
198 2706 369 2790 γεγονέτω,
393 2708 511 2791 φησίν,
536 2706 580 2783 ὡς
603 2709 623 2791 6
647 2710 714 2771 ΒΓ
730 2708 814 2793 πρὸς
836 2710 897 2792 τήν
920 2713 999 2793 EA,
1028 2709 1135 2785 οὕτως

192 2870 251 2918 172.
271 2862 453 2932 ΡΝολτσρ.
537 2869 596 2917 173.
615 2863 879 2933 ΡΝελτΜοησρ.
962 2871 1021 2919 174.
1041 2866 1133 2922 PVat.

158 2941 217 2991 175.
236 2934 411 2989 Plvat.⁶cs
431 2934 570 3004 (P1Vat.e
589 2934 626 2988 ad
645 2935 728 2988 finem
747 2934 814 2988 libri
831 2939 897 3006 post
916 2936 1001 2992 schol.
1018 2955 1061 2992 nr.
1077 2942 1134 3008 56);

121 3006 187 3060 inde
206 3024 223 3061 a
243 3025 268 3060 u.
289 3004 360 3071 λέξει
377 3026 419 3069 τις
436 3025 463 3076 p.
479 3013 539 3076 309,
559 3012 574 3059 λ
594 3006 689 3060 Ambr.
708 3088 712 3097 Ι

194 3174 217 3220 1.
236 3167 271 3289 ήή
288 3183 341 3220 om.
361 3166 401 3220 Pl.
478 3167 549 3237 ZH]
569 3170 626 3220 ΗΖ
643 3165 717 3236 vat„
737 3171 792 3221 KZ
811 3189 833 3236 ρ.
907 3165 1045 3239 ἀγομένη]
1065 3167 1136 3237 ἀγοί-

123 3256 213 3308 γωμεν
232 3238 254 3291 Ρ
276 3281 282 3306 ,
302 3257 345 3291 -ο-
364 3237 381 3306 6
400 3237 465 3292 vat.
537 3244 561 3292 2.
580 3246 630 3307 τῆς
647 3236 838 3310 περιφερείας]
858 3256 911 3293 om.
930 3256 956 3294 v.
1030 3247 1054 3293 4.
1076 3238 1137 3294 ἐπεί

122 3340 156 3349 -
176 3316 199 3363 6.
221 3309 262 3379 K]
284 3311 422 3377 corrupta.
492 3314 534 3364 15.
556 3310 658 3381 ΖΘΗ]
679 3325 732 3363 om.
752 3310 832 3365 codd.
902 3316 943 3365 19.
964 3309 1075 3382 ἐξωχιή]
1096 3311 1137 3364 sic

123 3379 202 3433 codd.
276 3385 318 3434 20.
339 3379 466 3435 ἔνστασιν
486 3397 507 3434 ο.
580 3381 626 3450 6⁰6]
647 3397 699 3435 om.
717 3380 770 3434 ΡΒ.
845 3387 886 3436 21.
907 3380 994 3453 ἐντῷ
1013 3382 1136 3436 π’θεω-

123 3449 235 3520 ρήματι]
256 3466 309 3505 om.
328 3448 497 3507 λίσσεσθ’
549 3457 590 3504 23.
610 3451 641 3522 6]
662 3468 714 3505 om.
734 3451 779 3505 Pl.
858 3454 922 3525 EA]
944 3455 999 3507 EA
1017 3453 1136 3522 Plvat„

124 3518 173 3572 sed
191 3522 260 3574 mut.
278 3523 378 3589 postea
396 3521 426 3574 in
446 3526 525 3577 ΕΓΔ
543 3523 617 3591 Vat„
638 3526 716 3576 ΕΑΔ
735 3523 781 3578 cS⁴
