2400 3840
112 152 179 217 304
535 154 699 207 SOHOLlA.

112 307 172 364 τοῦ
200 303 266 363 ΕΘ
293 300 375 384 πρὸς
402 300 439 363 τὸ
468 303 570 363 ΔΕΖ
598 300 696 379 λόγος
723 298 851 380 δοθείς,
884 296 939 362 καί
967 308 1029 363 τοῦ
1058 304 1124 364 ΒΗ

113 407 177 491 ἀρα
200 407 282 492 πρὸς
305 407 342 470 τὸ
366 410 431 470 ΕΘ
454 408 551 488 λόγος
575 403 643 469 ἐστὶ
667 406 790 480 δοθείς.

183 531 255 596 160.
296 528 363 593 Καὶ
393 530 509 613 δῆλον,
542 529 593 594 ὅτι
620 531 689 612 καί,
723 528 780 593 ἐὰν
812 531 856 613 μὴ
886 527 949 593 ἀπὸ
977 539 1036 614 τῆς
1064 535 1125 595 ΕΖ

113 637 321 723 τετράγωνον
344 635 597 721 ἀναγράφωμεν,
621 634 704 700 ἀλλά
727 634 790 700 ἀπὸ
810 636 911 718 ἀλλης
928 639 1030 721 τινός,
1055 629 1125 702 οἷον

78 753 171 828 στῆς
195 744 271 826 ΖΞ,
299 742 459 829 καὶπρὸς
482 741 625 825 ἐκείνην,
654 733 727 806 οἷον
749 744 810 825 τὴν
835 742 909 825 ΖΞ,
937 745 1040 826 λόγον
1064 747 1126 828 ἔχει

113 849 293 934 δεδομένον
316 851 336 934 ἡ
360 852 431 914 ΒΓ.

436 1045 489 1109 Ad
510 1067 603 1128 prop.
626 1043 806 1109 LXXVIII.

183 1171 253 1233 161.
294 1168 328 1231 P.
356 1170 427 1252 150,
453 1169 605 1252 18—20]
638 1175 712 1233 ἴσον
741 1165 777 1233 δὲ
803 1170 841 1233 τὸ
872 1172 945 1232 ΖΗ
972 1179 1019 1257 τῷ
1048 1174 1127 1235 ΕΚ·

114 1277 212 1357 λόγος
240 1276 304 1359 ἀρα
332 1283 391 1338 τοῦ
421 1278 481 1339 ΓΛ
514 1277 597 1361 πρὸς
626 1276 663 1340 τὸ
692 1279 762 1340 ΕΚ
791 1276 919 1359 δοθείς,
957 1276 1041 1341 ὥστε
1074 1278 1128 1341 διά

62 1397 96 1445 10
115 1390 213 1445 τοῦτο
241 1379 296 1445 καὶ
324 1390 382 1464 τῆς
410 1384 474 1446 ΓΕ
503 1383 586 1468 πρὸς
614 1386 680 1447 ΕΘ
707 1385 805 1465 λόγος
833 1379 902 1447 ἐστὶ
931 1381 1048 1458 δοθεὶς
1076 1384 1129 1448 διὰ

116 1489 152 1552 τὸ
176 1487 416 1573 ἀντιστρόφιον
438 1498 498 1553 τοῦ
522 1487 556 1552 α’
576 1498 635 1553 τοῦ
660 1488 692 1557 ς’
711 1488 849 1572 βιβλίον
867 1489 1064 1554 Εὐκλείδου.

184 1614 255 1678 162.
275 1612 496 1697 P.152,5-6]
513 1611 582 1678 ἐπεὶ
596 1614 659 1699 γὰρ
674 1616 772 1696 λόγος
787 1611 856 1678 ἐστὶ
868 1611 983 1689 δοθεὶς
997 1619 1098 1696 τῆςΕ
1104 1618 1131 1679 Θ

115 1720 198 1804 πρὸς
213 1723 282 1802 ΖΛ,
304 1719 387 1784 ἀλλὰ
401 1729 459 1802 τῆς
472 1724 538 1784 ΕΘ
555 1721 639 1806 πρὸς
653 1723 717 1784 ΓΕ
734 1723 832 1802 λόγος
850 1717 919 1785 ἐστὶ
934 1721 1059 1805 δοθείς,
1078 1719 1132 1785 καὶ

116 1835 174 1907 τῆς
188 1828 253 1889 ΓΕ
270 1827 335 1910 ἀρα
348 1826 431 1910 πρὸς
447 1830 512 1889 ΖΛ
530 1829 628 1908 λόγος
647 1827 770 1902 δοθείς.
794 1832 848 1909 ἴση
869 1825 909 1891 δέ
923 1826 1012 1891 ἐστιν
1031 1827 1053 1911 ἡ
1070 1832 1133 1892 ΖΛ

64 1948 97 1995 15
117 1941 156 2016 τῇ
180 1935 256 1995 BZ·
289 1931 498 2017 τετράγωνον
521 1932 598 2017 γάρ·
629 1931 764 2016 καὶτῆς
788 1936 852 1997 ΓΕ
872 1934 937 2019 ἀρα
959 1935 1044 2019 πρὸς
1070 1939 1132 1999 ΖΒ

116 2041 214 2121 λόγος
237 2039 360 2114 δοθείς.
408 2038 491 2104 ἀλλά
514 2048 571 2121 τῆς
596 2042 657 2102 ΖΒ
685 2040 768 2125 πρὸς
790 2043 859 2103 ΕΛ
882 2042 980 2122 λόγος
1003 2041 1132 2118 δοθείς·

116 2145 287 2210 ὑπόκειται
307 2146 383 2231 γάρ·
407 2144 462 2210 καὶ
481 2155 538 2229 τῆς
554 2148 617 2209 ΓΕ
634 2147 698 2231 ἀρα
716 2146 799 2230 πρὸς
812 2150 876 2209 ΕΛ
895 2149 993 2228 λόγος
1007 2147 1133 2224 δοθείς.

117 2255 175 2316 καί
201 2252 291 2317 ἐστιν
324 2259 378 2335 ἴση
406 2252 426 2334 ἡ
454 2257 521 2316 ΕΛ
553 2262 592 2337 τῇ
622 2254 707 2315 ΓΜ·
741 2251 939 2317 ἀπεναντίον
966 2252 1046 2339 γάρ·
1080 2251 1134 2318 καὶ

118 2367 175 2440 τῆς
199 2361 277 2422 ΓΜ
300 2360 363 2439 ἀρα
386 2360 469 2444 πρὸς
493 2361 557 2422 ΓΕ
578 2361 676 2440 λόγος
700 2359 821 2435 δοθείς.
867 2358 989 2442 ὁμοίως
1012 2359 1055 2443 δὴ
1080 2359 1133 2425 καί

67 2474 101 2527 20
121 2465 157 2527 αί
178 2462 290 2528 λοιπαὶ
312 2468 460 2550 πλευραί.
502 2462 558 2528 καὶ
582 2462 651 2529 ἐπεὶ
674 2462 807 2529 δέδοται
829 2465 849 2548 ἡ
873 2469 917 2529 Ε·
941 2464 1030 2550 ὀρθὴ
1056 2467 1134 2552 γάρ·

119 2570 201 2633 ὥστε
224 2568 279 2633 καὶ
298 2570 317 2653 ἡ
337 2573 435 2654 λοιπὴ
455 2572 502 2646 είς
520 2575 541 2654 β
564 2569 709 2656 ὀρθάςὴ
730 2573 766 2655 Γ,
789 2569 901 2635 καλαί
919 2570 1133 2638 ἀπεναντίον·

119 2674 251 2739 δίδοται
274 2676 338 2760 ἀρα
360 2685 405 2763 τῷ
429 2677 510 2741 είδει
533 2678 570 2741 τὸ
596 2680 664 2741 ΓΛ.

182 2922 452 2991 160.P1Vat.vo92.
492 2922 822 2991 161.P1Vat.vM0n.09.
862 2921 1134 2991 162.P1Vat.v002.

192 3162 216 3209 3.
240 3156 314 3208 Ante
333 3151 381 3209 καί
400 3154 464 3207 add.
485 3153 602 3224 σχόλιον.
622 3154 717 3221 λοδρ.
804 3160 828 3208 5.
854 3154 921 3226 ἔχει]
943 3153 989 3225 ἕλῃ
1010 3174 1034 3221 9·
1111 3161 1134 3208 6.

120 3228 137 3296 ἡ
158 3228 228 3298 ΒΓ]
248 3226 407 3293 om.Vat.⁶,
426 3225 443 3294 ἡ
461 3228 519 3280 ΘΓ
533 3244 558 3279 v.
617 3230 657 3279 11.
677 3223 796 3297 βιβλίον]
817 3243 869 3280 om.
886 3246 910 3294 ρ.
966 3223 1135 3297 Εὐκλείδου]

122 3316 175 3352 om.
190 3298 264 3366 λεί,
283 3306 339 3351 τῶν
354 3293 495 3386 στοιχείων
514 3296 639 3364 Moneo.
696 3302 737 3350 12.
758 3298 825 3368 ΕΘ]
847 3301 904 3351 ΕΓ
918 3297 1034 3364 Vanae.
1093 3303 1135 3351 14.

122 3367 231 3440 δεθείς]
254 3368 311 3422 ἐστὶ
330 3369 429 3429 δοθεις
446 3368 569 3436 Γολνρς
598 3367 667 3421 item
685 3366 734 3421 lin.
755 3374 787 3421 16
798 3371 881 3438 (ἀλα),
902 3373 943 3436 17,
964 3372 1006 3423 19.
1089 3369 1136 3440 τῇ]

121 3449 170 3509 τῆς
188 3440 225 3493 Ιλ.
300 3445 341 3492 15.
361 3438 426 3510 γάρ]
446 3455 498 3492 om.
518 3441 540 3492 λ.
615 3444 655 3493 17.
675 3438 821 3493 ὑπόκειται
840 3471 873 3480 -
894 3435 1002 3510 δοθείς]
1023 3455 1077 3494 om.
1097 3439 1136 3492 Ιλ.

157 3515 200 3563 20.
220 3508 286 3580 γάρ]
306 3526 359 3564 om.
379 3530 402 3577 ρ.
476 3509 580 3581 2ἳ.’τό]
599 3514 636 3582 τῷ
654 3509 719 3564 PII..
