2400 3840
117 112 184 177 334
400 112 582 164 APPEme
601 112 844 166 scnomossnM.

183 258 237 323 42.
263 255 297 322 P.
318 257 392 342 226,
413 255 469 340 10]
497 255 555 320 ἐὰν
583 258 645 341 γάρ
669 256 847 342 διάμετρον
870 255 1063 342 ἀγάγωμεν,
1091 246 1130 324 τά

116 366 215 430 λοιπά
243 365 341 448 ὃήλα,
374 364 418 439 ὡς
446 362 482 427 ἐν
509 372 554 451 τῷ
582 362 615 445 γ’
639 375 706 428 τῶν
733 366 904 448 στοιχείων
938 363 974 430 ἐν
1002 374 1049 454 τῷ
1076 364 1129 430 'w'

116 473 320 557 θεωρήματι·
343 470 417 535 ὅλαι
436 471 499 555 γὰρ
518 471 556 534 αἴ
572 468 749 555 τέμνουσαι
768 471 898 536 εὐθεῖαι
920 472 958 536 τὸ
976 471 1044 537 ὑπὸ
1064 484 1131 538 τῶν

116 578 293 664 τμημάτων
316 584 391 641 ἴσον
414 579 525 661 ἔχουσι
549 585 594 665 τῷ
618 576 682 642 άπὸ
705 586 764 660 τής
787 575 1024 662 ἐφαπτομένης.

81 722 97 770 5
182 703 234 768 43.
263 700 437 787 Ἑκάτερον
464 702 528 786 γὰρ
556 701 667 766 αὐτῶν
697 706 772 766 ἴσον
804 699 873 766 ἐστὶ
900 711 946 790 τῷ
975 702 1040 768 ἀπὸ
1073 712 1131 787 τής

117 807 344 894 ἐφαπτομένης
367 817 427 873 τοῦ
449 809 583 873 κύκλον.

335 1022 387 1086 Ad
409 1044 500 1108 prop.
524 1020 631 1087 XCIII
654 1023 828 1087 demonstr.
853 1023 907 1087 alt.

182 1149 234 1211 44.
272 1152 352 1222 Πῶς
379 1147 399 1231 ή
426 1147 492 1211 ὑπὸ
520 1150 620 1211 ΑΓΒ
652 1145 806 1232 ἑκατέρας
832 1156 899 1210 τῶν
925 1146 991 1211 ὑπὸ
1019 1151 1130 1231 ΑΓΔ,

117 1256 215 1318 ΓΒΕ
235 1251 304 1317 ἐστι
327 1253 440 1336 θιπλή;
478 1251 514 1316 ἐν
536 1261 582 1340 τῷ
605 1254 669 1338 πρὸ
693 1255 814 1318 τούτου
836 1254 1027 1339 θεωρήματι
1051 1254 1130 1337 δίχα

64 1379 98 1428 10
116 1359 224 1445 τέμνει
248 1361 309 1443 τήν
334 1359 398 1425 ὑπὸ
422 1363 530 1425 ΑΓΒ.
561 1358 645 1425 ’ἐπεὶ
669 1356 731 1426 οὖν
754 1360 918 1446 τριγώνου
946 1368 1006 1448 τοξι
1032 1363 1130 1424 ΓΕΒ

116 1465 207 1543 ἐκτός
221 1466 311 1531 ἐστιν
325 1466 346 1550 ἡ
359 1466 424 1531 ὑπὸ
440 1469 549 1549 ΑΓΒ,
569 1473 622 1549 ἴση
643 1464 711 1531 ἐστὶ
724 1477 796 1542 ταῖς
809 1465 874 1531 ὑπὸ
891 1468 997 1549 ΓΕΒ,
1011 1469 1077 1530 ΕΒ
1085 1469 1129 1530 Γ·

116 1575 153 1638 αἴ
178 1571 214 1638 δὲ
241 1575 306 1638 ὑπὸ
332 1577 442 1667 ΓΕΒ,
465 1576 567 1638 ΕΒΓ
589 1583 647 1656 τῆς
673 1572 737 1638 ὑπὸ
761 1575 864 1637 ΕΒΓ
886 1573 1003 1636 διπλαῖ
1028 1573 1129 1636 εἰσιν·

117 1685 185 1744 ἴσαι
204 1680 267 1766 γάρ
286 1679 443 1763 ἀλλήλαις
460 1683 556 1763 εἴσίν,
577 1677 646 1744 ἐπεὶ
664 1678 719 1744 καὶ
736 1680 864 1765 πλευρὰ
882 1679 902 1763 ή
919 1683 951 1743 Ε
956 1682 987 1742 Γ
1000 1684 1130 1767 πλευρᾷ

116 1797 155 1872 τή
174 1788 242 1851 ΒΓ
257 1793 325 1870 ἴση·
349 1788 448 1870 ὃιπλή
467 1789 531 1872 άρα
549 1786 605 1852 ιιοιῖ
622 1785 643 1869 ἡ
661 1786 726 1851 ὑπὸ
745 1789 844 1851 ΑΓΒ
863 1795 921 1869 τῆς
939 1785 1003 1850 ὑπὸ
1023 1789 1129 1851 ΓΒΕ.

64 1911 97 1959 15
117 1896 185 1958 ἔστι
205 1891 241 1958 δὲ
260 1893 314 1959 καῖ
333 1902 392 1978 τῆς
408 1893 473 1958 ὑπὸ
493 1896 592 1958 ΑΓΔ
616 1895 728 1976 διπλῆ·
753 1899 806 1976 ἴση
826 1894 890 1979 ἄρα
908 1893 929 1976 ή
947 1892 1013 1956 ὑπὸ
1028 1897 1130 1958 ΑΓΔ

115 2010 155 2086 τή
177 2000 243 2066 ὑπὸ
267 2004 371 2066 ΓΒΕ.
721 2080 736 2103 l

181 2126 234 2191 45.
270 2124 425 2191 Τουτέστι
443 2135 483 2212 τή
502 2126 567 2190 ὑπὸ
585 2135 653 2190 τῶν
672 2130 771 2189 ΑΒΔ
789 2148 819 2209 p.
835 2126 910 2210 226,
926 2123 982 2208 19]
1006 2126 1044 2189 τὸ
1063 2126 1128 2211 γὰρ

116 2232 197 2298 αὐτὸ
220 2242 328 2317 τμῆμα
350 2232 516 2297 ὑποτείνει
539 2232 640 2308 αὐτὰς
663 2233 700 2297 τὸ
724 2236 798 2296 ΑΛ.

182 2359 234 2422 46.
266 2355 333 2422 Καὶ
357 2355 425 2422 ἐπεὶ
449 2359 626 2440 ἰσογώνιόν
649 2355 717 2421 ἐστι
740 2380 769 2441 p.
791 2356 918 2441 228,1]
944 2361 997 2438 ἴση
1021 2356 1128 2441 γὰρή

63 2479 98 2528 20
115 2462 180 2528 ὑπὸ
205 2466 301 2528 ΓΑΒ
324 2472 363 2548 τῇ
386 2463 451 2528 ὑπὸ
476 2466 584 2546 ΓΑΒ,
607 2466 676 2528 ἔστι
699 2460 736 2527 δὲ
758 2461 813 2528 καὶ
835 2461 856 2545 ἡ
879 2461 944 2527 ὑπὸ
969 2466 1066 2527 ΖΒΔ
1089 2474 1129 2548 τῇ

115 2569 180 2633 ὑπὸ
205 2573 304 2632 ΑΕΒ
338 2575 392 2652 ἴση
420 2570 476 2632 θιοῖ
503 2570 540 2633 τὸ
567 2571 628 2654 τήν
655 2569 720 2634 ὑπὸ
745 2572 844 2634 ΓΒΕ
874 2578 913 2654 τή
939 2568 1004 2633 ὑπὸ
1030 2573 1128 2634 ΓΕΒ

117 2682 202 2759 ἴσην,
226 2675 294 2741 ε’πεῖ
317 2674 373 2740 καὶ
390 2676 516 2762 πλευρὰ
534 2675 555 2758 ή
575 2678 635 2740 ΓΒ
660 2684 698 2760 τῇ
718 2678 782 2740 ΓΕ
804 2681 869 2759 ἴση,
893 2681 947 2758 ἴση
966 2672 1004 2740 δὲ
1021 2675 1042 2759 ή
1061 2676 1128 2742 ὑπὸ

115 2978 152 3031 Pl
181 2906 337 3031 λ42.Ρ1τλ.
410 2904 525 2960 43.Pv.
598 2903 841 2972 44.P1Vat.v09.
914 2910 956 2959 45.
976 2903 1006 2957 P.
1084 2910 1128 2959 46.

158 2997 202 3032 v.

187 3199 211 3247 1.
232 3189 393 3264 διάμετρον]
413 3188 519 3261 γωνίαν
538 3207 626 3260 comp.
646 3189 696 3258 ΡΙ,
720 3206 773 3243 om.
792 3191 815 3242 λ.
902 3194 926 3242 2.
954 3187 1012 3258 λθ]
1036 3188 1083 3242 λα’
1104 3192 1128 3258 λ,

116 3267 159 3318 est
176 3263 223 3332 ΠΙ,
242 3271 284 3318 36.
344 3269 368 3319 4.
388 3264 437 3334 τῶ]
456 3261 491 3316 τά
509 3265 531 3316 λ.
588 3267 611 3316 9.
631 3261 685 3329 πρὸ
704 3261 804 3314 τούτου
822 3259 995 3329 θεωρήματι]
1014 3260 1128 3326 πρώτον

114 3344 164 3389 τοῦ
178 3334 361 3403 θεωρήματος
375 3318 415 3402 ρ’
455 3340 496 3388 12.
512 3333 625 3424 διπλαῖ]
640 3329 784 3386 διπλάσιοι
802 3349 828 3386 v.
885 3336 927 3386 13.
941 3328 1007 3401 γάρ]
1023 3347 1076 3385 om.
1088 3331 1127 3386 Ιλ.

150 3405 291 3476 ἀλλήλαις]
310 3409 380 3460 αλλα
398 3404 462 3459 ΡΙλ.
520 3409 626 3472 πλευροι
644 3404 662 3474 ἡ
678 3407 735 3458 ΕΓ
749 3403 866 3476 πλευρᾷ]
886 3400 970 3456 πάλιν
989 3400 1027 3456 Ιλ.
1084 3409 1127 3457 22.

116 3474 190 3546 ἴσην]
211 3474 273 3545 ἴσην
293 3472 384 3531 alvea?
