<?xml version="1.0" encoding="UTF-8"?>
<!DOCTYPE html PUBLIC "-//W3C//DTD XHTML 1.0 Transitional//EN"
    "http://www.w3.org/TR/xhtml1/DTD/xhtml1-transitional.dtd">
<html xmlns="http://www.w3.org/1999/xhtml" xml:lang="en" lang="en">
 <head>
  <title>
</title>
<meta http-equiv="Content-Type" content="text/html;charset=utf-8" />
  <meta name='ocr-system' content='tesseract 3.04.00' />
  <meta name='ocr-capabilities' content='ocr_page ocr_carea ocr_par ocr_line ocrx_word'/>
</head>
<body>
  <div class='ocr_page' id='page_1' title='image "./euclidisoperaom05unkngoog_0115.png"; bbox 0 0 2400 3840; ppageno 0'>
   <div class='ocr_carea' id='block_1_1' title="bbox 117 154 730 248">
    <p class='ocr_par' dir='ltr' id='par_1_1' title="bbox 117 154 730 248">
     <span class='ocr_line' id='line_1_1' title="bbox 117 154 730 248; baseline -0.011 -20"><span class='ocrx_word' id='word_1_1' title='bbox 117 165 166 228; x_wconf 76' lang='lat'><em>42</em></span> <span class='ocrx_word' id='word_1_2' title='bbox 240 172 242 176; x_wconf 78' lang='grc'>’</span> <span class='ocrx_word' id='word_1_3' title='bbox 445 154 448 159; x_wconf 78' lang='grc'>’</span> <span class='ocrx_word' id='word_1_4' title='bbox 525 170 730 248; x_wconf 63' lang='lat' dir='ltr'><strong>monum.</strong></span> 
     </span>
    </p>
   </div>
   <div class='ocr_carea' id='block_1_2' title="bbox 56 311 1143 1142">
    <p class='ocr_par' dir='ltr' id='par_1_2' title="bbox 56 311 1139 612">
     <span class='ocr_line' id='line_1_2' title="bbox 189 311 1139 400; baseline -0.004 -19"><span class='ocrx_word' id='word_1_5' title='bbox 189 318 251 381; x_wconf 91' lang='grc' dir='ltr'><em>δύο</em></span> <span class='ocrx_word' id='word_1_6' title='bbox 275 316 337 400; x_wconf 81' lang='grc' dir='ltr'><em>γὰρ</em></span> <span class='ocrx_word' id='word_1_7' title='bbox 360 311 485 399; x_wconf 75' lang='grc' dir='ltr'><em>μεγέθη</em></span> <span class='ocrx_word' id='word_1_8' title='bbox 504 316 544 378; x_wconf 85' lang='grc' dir='ltr'><em>τὰ</em></span> <span class='ocrx_word' id='word_1_9' title='bbox 563 319 639 398; x_wconf 83' lang='lat' dir='ltr'><em>AB,</em></span> <span class='ocrx_word' id='word_1_10' title='bbox 652 318 720 380; x_wconf 90' lang='grc' dir='ltr'><em>ΒΓ</em></span> <span class='ocrx_word' id='word_1_11' title='bbox 738 316 821 399; x_wconf 78' lang='grc' dir='ltr'><em>πρός</em></span> <span class='ocrx_word' id='word_1_12' title='bbox 838 336 870 377; x_wconf 90' lang='grc' dir='ltr'><em>τι</em></span> <span class='ocrx_word' id='word_1_13' title='bbox 888 311 1030 396; x_wconf 74' lang='grc' dir='ltr'><em>μέγεθος</em></span> <span class='ocrx_word' id='word_1_14' title='bbox 1047 313 1088 377; x_wconf 86' lang='grc' dir='ltr'><em>τὸ</em></span> <span class='ocrx_word' id='word_1_15' title='bbox 1103 318 1139 377; x_wconf 87' lang='grc' dir='ltr'><em>Δ</em></span> 
     </span>
     <span class='ocr_line' id='line_1_3' title="bbox 56 417 1139 506; baseline -0.004 -18"><span class='ocrx_word' id='word_1_16' title='bbox 56 446 62 457; x_wconf 95' lang='grc'>·</span> <span class='ocrx_word' id='word_1_17' title='bbox 116 425 223 504; x_wconf 90' lang='grc' dir='ltr'><em>λόγου</em></span> <span class='ocrx_word' id='word_1_18' title='bbox 242 419 338 506; x_wconf 89' lang='grc' dir='ltr'><em>έχέτω</em></span> <span class='ocrx_word' id='word_1_19' title='bbox 358 418 552 504; x_wconf 76' lang='grc' dir='ltr'><em>δεδομένον·</em></span> <span class='ocrx_word' id='word_1_20' title='bbox 575 421 670 504; x_wconf 83' lang='grc' dir='ltr'><em>λέγω,</em></span> <span class='ocrx_word' id='word_1_21' title='bbox 689 421 740 487; x_wconf 81' lang='grc' dir='ltr'><em>ὅτι</em></span> <span class='ocrx_word' id='word_1_22' title='bbox 757 417 863 484; x_wconf 81' lang='grc' dir='ltr'><em>καὶτὸ</em></span> <span class='ocrx_word' id='word_1_23' title='bbox 878 421 1139 506; x_wconf 79' lang='grc' dir='ltr'><em>συναμφότερον</em></span> 
     </span>
     <span class='ocr_line' id='line_1_4' title="bbox 122 521 1059 612; baseline -0.004 -18"><span class='ocrx_word' id='word_1_24' title='bbox 122 531 159 594; x_wconf 89' lang='grc' dir='ltr'><em>τὸ</em></span> <span class='ocrx_word' id='word_1_25' title='bbox 182 535 215 593; x_wconf 85' lang='grc' dir='ltr'><em>Α</em></span> <span class='ocrx_word' id='word_1_26' title='bbox 222 531 254 593; x_wconf 97' lang='grc' dir='ltr'><em>Γ</em></span> <span class='ocrx_word' id='word_1_27' title='bbox 270 528 353 612; x_wconf 79' lang='grc' dir='ltr'><em>πρὸς</em></span> <span class='ocrx_word' id='word_1_28' title='bbox 375 528 412 591; x_wconf 90' lang='grc' dir='ltr'><em>τὸ</em></span> <span class='ocrx_word' id='word_1_29' title='bbox 436 526 517 606; x_wconf 82' lang='grc' dir='ltr'><em>αὐτὸ</em></span> <span class='ocrx_word' id='word_1_30' title='bbox 540 528 577 592; x_wconf 90' lang='grc' dir='ltr'><em>τὸ</em></span> <span class='ocrx_word' id='word_1_31' title='bbox 600 532 633 591; x_wconf 86' lang='grc' dir='ltr'><em>Δ</em></span> <span class='ocrx_word' id='word_1_32' title='bbox 656 529 757 608; x_wconf 92' lang='grc' dir='ltr'><em>λόγον</em></span> <span class='ocrx_word' id='word_1_33' title='bbox 779 528 844 608; x_wconf 81' lang='grc' dir='ltr'><em>ἔχει</em></span> <span class='ocrx_word' id='word_1_34' title='bbox 868 521 1059 609; x_wconf 75' lang='grc' dir='ltr'><strong><em>δεδομένον.</em></strong></span> 
     </span>
    </p>

    <p class='ocr_par' dir='ltr' id='par_1_3' title="bbox 114 630 1139 718">
     <span class='ocr_line' id='line_1_5' title="bbox 114 630 1139 718; baseline -0.007 -16"><span class='ocrx_word' id='word_1_35' title='bbox 114 700 116 703; x_wconf 83' lang='grc'><em>,</em></span> <span class='ocrx_word' id='word_1_36' title='bbox 189 634 258 700; x_wconf 81' lang='grc' dir='ltr'><em>ἐπεὶ</em></span> <span class='ocrx_word' id='word_1_37' title='bbox 281 636 343 718; x_wconf 83' lang='grc' dir='ltr'><em>γὰρ</em></span> <span class='ocrx_word' id='word_1_38' title='bbox 368 630 523 718; x_wconf 79' lang='grc' dir='ltr'><em>ἑκάτερον</em></span> <span class='ocrx_word' id='word_1_39' title='bbox 545 644 612 698; x_wconf 88' lang='grc' dir='ltr'><em>τῶν</em></span> <span class='ocrx_word' id='word_1_40' title='bbox 634 637 711 714; x_wconf 88' lang='lat' dir='ltr'><em>AB,</em></span> <span class='ocrx_word' id='word_1_41' title='bbox 730 635 798 697; x_wconf 91' lang='grc' dir='ltr'><em>ΒΓ</em></span> <span class='ocrx_word' id='word_1_42' title='bbox 815 633 898 716; x_wconf 78' lang='grc' dir='ltr'><em>πρὸς</em></span> <span class='ocrx_word' id='word_1_43' title='bbox 919 632 958 696; x_wconf 91' lang='grc' dir='ltr'><em>τὸ</em></span> <span class='ocrx_word' id='word_1_44' title='bbox 976 635 1010 695; x_wconf 86' lang='grc' dir='ltr'><em>Δ</em></span> <span class='ocrx_word' id='word_1_45' title='bbox 1033 633 1139 713; x_wconf 91' lang='grc' dir='ltr'><em>λόγον</em></span> 
     </span>
    </p>

    <p class='ocr_par' dir='ltr' id='par_1_4' title="bbox 81 736 1143 826">
     <span class='ocr_line' id='line_1_6' title="bbox 81 736 1143 826; baseline -0.004 -19"><span class='ocrx_word' id='word_1_46' title='bbox 81 744 186 826; x_wconf 69' lang='grc' dir='ltr'><em>οέχει</em></span> <span class='ocrx_word' id='word_1_47' title='bbox 210 738 405 825; x_wconf 76' lang='grc' dir='ltr'><em>δεδομένον,</em></span> <span class='ocrx_word' id='word_1_48' title='bbox 437 741 535 821; x_wconf 94' lang='grc' dir='ltr'><em>λόγος</em></span> <span class='ocrx_word' id='word_1_49' title='bbox 561 740 625 824; x_wconf 76' lang='grc' dir='ltr'><em>ἅμα</em></span> <span class='ocrx_word' id='word_1_50' title='bbox 651 736 708 803; x_wconf 81' lang='grc' dir='ltr'><em>καὶ</em></span> <span class='ocrx_word' id='word_1_51' title='bbox 729 746 789 802; x_wconf 89' lang='grc' dir='ltr'><em>τοῦ</em></span> <span class='ocrx_word' id='word_1_52' title='bbox 813 741 878 801; x_wconf 91' lang='lat' dir='ltr'><em>AB</em></span> <span class='ocrx_word' id='word_1_53' title='bbox 904 738 988 822; x_wconf 78' lang='grc' dir='ltr'><em>πρὸς</em></span> <span class='ocrx_word' id='word_1_54' title='bbox 1009 739 1047 802; x_wconf 91' lang='grc' dir='ltr'><em>τὸ</em></span> <span class='ocrx_word' id='word_1_55' title='bbox 1072 740 1143 803; x_wconf 88' lang='grc' dir='ltr'><em>ΒΓ</em></span> 
     </span>
    </p>

    <p class='ocr_par' dir='ltr' id='par_1_5' title="bbox 123 841 1138 929">
     <span class='ocr_line' id='line_1_7' title="bbox 123 841 1138 929; baseline -0.003 -17"><span class='ocrx_word' id='word_1_56' title='bbox 123 848 249 924; x_wconf 76' lang='grc' dir='ltr'><em>δοθείς·</em></span> <span class='ocrx_word' id='word_1_57' title='bbox 272 844 329 911; x_wconf 81' lang='grc' dir='ltr'><em>καὶ</em></span> <span class='ocrx_word' id='word_1_58' title='bbox 351 846 512 911; x_wconf 75' lang='grc' dir='ltr'><em>συνθέντι</em></span> <span class='ocrx_word' id='word_1_59' title='bbox 535 853 595 910; x_wconf 88' lang='grc' dir='ltr'><em>τοῦ</em></span> <span class='ocrx_word' id='word_1_60' title='bbox 614 851 646 909; x_wconf 86' lang='grc' dir='ltr'><em>Α</em></span> <span class='ocrx_word' id='word_1_61' title='bbox 652 848 684 909; x_wconf 93' lang='grc' dir='ltr'><em>Γ</em></span> <span class='ocrx_word' id='word_1_62' title='bbox 701 846 784 929; x_wconf 78' lang='grc' dir='ltr'><em>πρὸς</em></span> <span class='ocrx_word' id='word_1_63' title='bbox 806 845 843 910; x_wconf 92' lang='grc' dir='ltr'><em>τὸ</em></span> <span class='ocrx_word' id='word_1_64' title='bbox 862 847 930 908; x_wconf 91' lang='grc' dir='ltr'><em>ΒΓ</em></span> <span class='ocrx_word' id='word_1_65' title='bbox 948 845 1048 925; x_wconf 85' lang='grc' dir='ltr'><em>λόγος</em></span> <span class='ocrx_word' id='word_1_66' title='bbox 1066 841 1138 909; x_wconf 78' lang='grc' dir='ltr'><em>ἐστὶ</em></span> 
     </span>
    </p>

    <p class='ocr_par' dir='ltr' id='par_1_6' title="bbox 121 948 1138 1142">
     <span class='ocr_line' id='line_1_8' title="bbox 121 948 1138 1036; baseline -0.001 -19"><span class='ocrx_word' id='word_1_67' title='bbox 121 955 245 1031; x_wconf 77' lang='grc' dir='ltr'><em>δοθείς.</em></span> <span class='ocrx_word' id='word_1_68' title='bbox 290 961 350 1017; x_wconf 90' lang='grc' dir='ltr'><em>τοῦ</em></span> <span class='ocrx_word' id='word_1_69' title='bbox 378 948 415 1017; x_wconf 70' lang='grc' dir='ltr'><em>δὲ</em></span> <span class='ocrx_word' id='word_1_70' title='bbox 442 954 510 1016; x_wconf 91' lang='grc' dir='ltr'><em>ΒΓ</em></span> <span class='ocrx_word' id='word_1_71' title='bbox 532 952 615 1036; x_wconf 81' lang='grc' dir='ltr'><em>πρὸς</em></span> <span class='ocrx_word' id='word_1_72' title='bbox 636 955 670 1014; x_wconf 88' lang='grc' dir='ltr'><em>Δ</em></span> <span class='ocrx_word' id='word_1_73' title='bbox 695 953 794 1033; x_wconf 80' lang='grc' dir='ltr'><em>λόγος</em></span> <span class='ocrx_word' id='word_1_74' title='bbox 820 948 890 1015; x_wconf 79' lang='grc' dir='ltr'><em>ἐστὶ</em></span> <span class='ocrx_word' id='word_1_75' title='bbox 917 950 1047 1026; x_wconf 74' lang='grc' dir='ltr'><em>δοθείς·</em></span> <span class='ocrx_word' id='word_1_76' title='bbox 1079 948 1138 1016; x_wconf 76' lang='grc' dir='ltr'><em>καὶ</em></span> 
     </span>
     <span class='ocr_line' id='line_1_9' title="bbox 122 1050 1109 1142; baseline -0.004 -19"><span class='ocrx_word' id='word_1_77' title='bbox 122 1068 182 1123; x_wconf 86' lang='grc' dir='ltr'><em>τοῦ</em></span> <span class='ocrx_word' id='word_1_78' title='bbox 205 1065 237 1123; x_wconf 89' lang='grc' dir='ltr'><em>Α</em></span> <span class='ocrx_word' id='word_1_79' title='bbox 243 1061 275 1123; x_wconf 94' lang='grc' dir='ltr'><em>Γ</em></span> <span class='ocrx_word' id='word_1_80' title='bbox 289 1056 358 1142; x_wconf 77' lang='grc' dir='ltr'><em>’ἅμα</em></span> <span class='ocrx_word' id='word_1_81' title='bbox 380 1058 463 1142; x_wconf 80' lang='grc' dir='ltr'><em>πρὸς</em></span> <span class='ocrx_word' id='word_1_82' title='bbox 485 1058 522 1121; x_wconf 90' lang='grc' dir='ltr'><em>τὸ</em></span> <span class='ocrx_word' id='word_1_83' title='bbox 545 1062 579 1122; x_wconf 87' lang='grc' dir='ltr'><em>Δ</em></span> <span class='ocrx_word' id='word_1_84' title='bbox 600 1059 699 1139; x_wconf 90' lang='grc' dir='ltr'><em>λόγος</em></span> <span class='ocrx_word' id='word_1_85' title='bbox 721 1055 790 1122; x_wconf 77' lang='grc' dir='ltr'><em>έοτὶ</em></span> <span class='ocrx_word' id='word_1_86' title='bbox 813 1056 936 1134; x_wconf 77' lang='grc' dir='ltr'><em>δοθείς.</em></span> <span class='ocrx_word' id='word_1_87' title='bbox 1106 1050 1109 1055; x_wconf 62' lang='grc'><strong>’</strong></span> 
     </span>
    </p>
   </div>
   <div class='ocr_carea' id='block_1_3' title="bbox 37 1273 1185 3060">
    <p class='ocr_par' dir='ltr' id='par_1_7' title="bbox 37 1273 1185 3060">
     <span class='ocr_line' id='line_1_10' title="bbox 596 1273 660 1333; baseline 0.016 -19"><span class='ocrx_word' id='word_1_88' title='bbox 596 1273 660 1333; x_wconf 80' lang='grc' dir='ltr'><em>κγ.</em></span> 
     </span>
     <span class='ocr_line' id='line_1_11' title="bbox 65 1373 1138 1462; baseline -0.002 -18"><span class='ocrx_word' id='word_1_89' title='bbox 65 1395 103 1444; x_wconf 82' lang='grc' dir='ltr'><em>ιο</em></span> <span class='ocrx_word' id='word_1_90' title='bbox 187 1373 263 1439; x_wconf 81' lang='grc' dir='ltr'><em>Ἐὰν</em></span> <span class='ocrx_word' id='word_1_91' title='bbox 281 1375 362 1441; x_wconf 84' lang='grc' dir='ltr'><em>ὅλον</em></span> <span class='ocrx_word' id='word_1_92' title='bbox 383 1377 467 1460; x_wconf 79' lang='grc' dir='ltr'><em>πρὸς</em></span> <span class='ocrx_word' id='word_1_93' title='bbox 490 1376 569 1441; x_wconf 84' lang='grc' dir='ltr'><em>ὅλον</em></span> <span class='ocrx_word' id='word_1_94' title='bbox 591 1378 693 1458; x_wconf 92' lang='grc' dir='ltr'><em>λόγον</em></span> <span class='ocrx_word' id='word_1_95' title='bbox 716 1379 772 1460; x_wconf 80' lang='grc' dir='ltr'><em>έχχγ</em></span> <span class='ocrx_word' id='word_1_96' title='bbox 796 1373 990 1460; x_wconf 83' lang='grc' dir='ltr'><em>δεδομένον,</em></span> <span class='ocrx_word' id='word_1_97' title='bbox 1016 1378 1073 1462; x_wconf 75' lang='grc' dir='ltr'><em>έχχ</em></span> <span class='ocrx_word' id='word_1_98' title='bbox 1098 1373 1138 1442; x_wconf 72' lang='grc' dir='ltr'><em>δὲ</em></span> 
     </span>
     <span class='ocr_line' id='line_1_12' title="bbox 121 1480 1139 1568; baseline 0.002 -22"><span class='ocrx_word' id='word_1_99' title='bbox 121 1480 176 1546; x_wconf 82' lang='grc' dir='ltr'><em>καὶ</em></span> <span class='ocrx_word' id='word_1_100' title='bbox 199 1483 239 1546; x_wconf 85' lang='grc' dir='ltr'><em>τδι</em></span> <span class='ocrx_word' id='word_1_101' title='bbox 257 1480 338 1568; x_wconf 78' lang='grc' dir='ltr'><em>μέρη</em></span> <span class='ocrx_word' id='word_1_102' title='bbox 361 1485 444 1568; x_wconf 80' lang='grc' dir='ltr'><em>πρὸς</em></span> <span class='ocrx_word' id='word_1_103' title='bbox 461 1484 502 1547; x_wconf 80' lang='grc' dir='ltr'><em>τό</em></span> <span class='ocrx_word' id='word_1_104' title='bbox 519 1481 601 1568; x_wconf 78' lang='grc' dir='ltr'><em>μέρη</em></span> <span class='ocrx_word' id='word_1_105' title='bbox 622 1485 743 1565; x_wconf 91' lang='grc' dir='ltr'><em>λόγους</em></span> <span class='ocrx_word' id='word_1_106' title='bbox 761 1481 969 1566; x_wconf 83' lang='grc' dir='ltr'><em>δεδομένους,</em></span> <span class='ocrx_word' id='word_1_107' title='bbox 992 1484 1037 1567; x_wconf 77' lang='grc' dir='ltr'><em>μὴ</em></span> <span class='ocrx_word' id='word_1_108' title='bbox 1055 1486 1139 1561; x_wconf 84' lang='grc' dir='ltr'><em>τοὺς</em></span> 
     </span>
     <span class='ocr_line' id='line_1_13' title="bbox 121 1585 1136 1674; baseline 0 -20"><span class='ocrx_word' id='word_1_109' title='bbox 121 1590 244 1666; x_wconf 83' lang='grc' dir='ltr'><em>αὐτοὺς</em></span> <span class='ocrx_word' id='word_1_110' title='bbox 272 1587 322 1672; x_wconf 88' lang='grc' dir='ltr'><em>δέ,</em></span> <span class='ocrx_word' id='word_1_111' title='bbox 354 1588 410 1654; x_wconf 82' lang='grc' dir='ltr'><em>καὶ</em></span> <span class='ocrx_word' id='word_1_112' title='bbox 436 1588 544 1654; x_wconf 82' lang='grc' dir='ltr'><em>πόντοι</em></span> <span class='ocrx_word' id='word_1_113' title='bbox 570 1590 653 1674; x_wconf 77' lang='grc' dir='ltr'><em>πρὸς</em></span> <span class='ocrx_word' id='word_1_114' title='bbox 674 1588 782 1653; x_wconf 73' lang='grc' dir='ltr'><em>πάντα</em></span> <span class='ocrx_word' id='word_1_115' title='bbox 808 1590 929 1670; x_wconf 85' lang='grc' dir='ltr'><em>λόγους</em></span> <span class='ocrx_word' id='word_1_116' title='bbox 951 1585 1014 1666; x_wconf 79' lang='grc' dir='ltr'><em>ἕξει</em></span> <span class='ocrx_word' id='word_1_117' title='bbox 1038 1590 1136 1654; x_wconf 91' lang='grc' dir='ltr'><em>δεδο-</em></span> 
     </span>
     <span class='ocr_line' id='line_1_14' title="bbox 120 1697 249 1782; baseline 0 -20"><span class='ocrx_word' id='word_1_118' title='bbox 120 1697 249 1782; x_wconf 89' lang='grc' dir='ltr'><em>μένους.</em></span> 
     </span>
     <span class='ocr_line' id='line_1_15' title="bbox 189 1801 1137 1889; baseline -0.001 -21"><span class='ocrx_word' id='word_1_119' title='bbox 189 1801 285 1888; x_wconf 82' lang='grc' dir='ltr'><em>ἐχέτω</em></span> <span class='ocrx_word' id='word_1_120' title='bbox 313 1803 376 1889; x_wconf 83' lang='grc' dir='ltr'><em>γδιρ</em></span> <span class='ocrx_word' id='word_1_121' title='bbox 405 1804 485 1870; x_wconf 84' lang='grc' dir='ltr'><em>ὅλον</em></span> <span class='ocrx_word' id='word_1_122' title='bbox 511 1804 548 1867; x_wconf 91' lang='grc' dir='ltr'><em>τὸ</em></span> <span class='ocrx_word' id='word_1_123' title='bbox 572 1805 638 1867; x_wconf 87' lang='lat' dir='ltr'><em>AB</em></span> <span class='ocrx_word' id='word_1_124' title='bbox 665 1802 748 1886; x_wconf 78' lang='grc' dir='ltr'><em>πρὸς</em></span> <span class='ocrx_word' id='word_1_125' title='bbox 774 1801 854 1867; x_wconf 86' lang='grc' dir='ltr'><em>όλον</em></span> <span class='ocrx_word' id='word_1_126' title='bbox 880 1803 917 1867; x_wconf 90' lang='grc' dir='ltr'><em>τὸ</em></span> <span class='ocrx_word' id='word_1_127' title='bbox 942 1804 1003 1866; x_wconf 86' lang='grc' dir='ltr'><em>ΓΛ</em></span> <span class='ocrx_word' id='word_1_128' title='bbox 1030 1804 1137 1884; x_wconf 90' lang='grc' dir='ltr'><em>λόγον</em></span> 
     </span>
     <span class='ocr_line' id='line_1_16' title="bbox 65 1905 1138 1995; baseline -0.002 -19"><span class='ocrx_word' id='word_1_129' title='bbox 65 1925 101 1976; x_wconf 82' lang='grc'><em>15</em></span> <span class='ocrx_word' id='word_1_130' title='bbox 121 1908 315 1995; x_wconf 86' lang='grc' dir='ltr'><em>δεδομένον,</em></span> <span class='ocrx_word' id='word_1_131' title='bbox 347 1907 445 1993; x_wconf 89' lang='grc' dir='ltr'><em>έχέτω</em></span> <span class='ocrx_word' id='word_1_132' title='bbox 474 1905 511 1973; x_wconf 77' lang='grc' dir='ltr'><em>δέ</em></span> <span class='ocrx_word' id='word_1_133' title='bbox 537 1906 593 1973; x_wconf 82' lang='grc' dir='ltr'><em>καὶ</em></span> <span class='ocrx_word' id='word_1_134' title='bbox 619 1908 660 1994; x_wconf 80' lang='grc' dir='ltr'><em>τὰ</em></span> <span class='ocrx_word' id='word_1_135' title='bbox 682 1911 763 1992; x_wconf 86' lang='grc' dir='ltr'><em>ΑΕ,</em></span> <span class='ocrx_word' id='word_1_136' title='bbox 780 1912 843 1973; x_wconf 84' lang='grc' dir='ltr'><em>ΕΒ</em></span> <span class='ocrx_word' id='word_1_137' title='bbox 873 1906 954 1993; x_wconf 78' lang='grc' dir='ltr'><em>μέρη</em></span> <span class='ocrx_word' id='word_1_138' title='bbox 982 1909 1066 1993; x_wconf 78' lang='grc' dir='ltr'><em>πρὸς</em></span> <span class='ocrx_word' id='word_1_139' title='bbox 1093 1909 1138 1974; x_wconf 77' lang='grc' dir='ltr'><em>τὰ</em></span> 
     </span>
     <span class='ocr_line' id='line_1_17' title="bbox 122 2009 1139 2102; baseline -0.001 -21"><span class='ocrx_word' id='word_1_140' title='bbox 122 2020 193 2100; x_wconf 81' lang='grc' dir='ltr'><em>ΓΖ,</em></span> <span class='ocrx_word' id='word_1_141' title='bbox 214 2022 279 2081; x_wconf 87' lang='grc' dir='ltr'><em>ΖΛ</em></span> <span class='ocrx_word' id='word_1_142' title='bbox 301 2011 383 2102; x_wconf 80' lang='grc' dir='ltr'><em>μέρη</em></span> <span class='ocrx_word' id='word_1_143' title='bbox 407 2019 527 2099; x_wconf 90' lang='grc' dir='ltr'><em>λόγους</em></span> <span class='ocrx_word' id='word_1_144' title='bbox 549 2009 758 2098; x_wconf 78' lang='grc' dir='ltr'><em>δεδομένους,</em></span> <span class='ocrx_word' id='word_1_145' title='bbox 780 2016 825 2099; x_wconf 78' lang='grc' dir='ltr'><em>μὴ</em></span> <span class='ocrx_word' id='word_1_146' title='bbox 843 2017 922 2092; x_wconf 89' lang='grc' dir='ltr'><em>τοὺς</em></span> <span class='ocrx_word' id='word_1_147' title='bbox 941 2014 1064 2092; x_wconf 85' lang='grc' dir='ltr'><em>αὐτοὺς</em></span> <span class='ocrx_word' id='word_1_148' title='bbox 1082 2015 1139 2080; x_wconf 79' lang='grc' dir='ltr'><em>δέ·</em></span> 
     </span>
     <span class='ocr_line' id='line_1_18' title="bbox 121 2118 1139 2208; baseline -0.004 -19"><span class='ocrx_word' id='word_1_149' title='bbox 121 2123 220 2208; x_wconf 83' lang='grc' dir='ltr'><em>λέγω,</em></span> <span class='ocrx_word' id='word_1_150' title='bbox 253 2123 304 2188; x_wconf 85' lang='grc' dir='ltr'><em>ὅτι</em></span> <span class='ocrx_word' id='word_1_151' title='bbox 335 2120 391 2187; x_wconf 80' lang='grc' dir='ltr'><em>καὶ</em></span> <span class='ocrx_word' id='word_1_152' title='bbox 418 2122 525 2188; x_wconf 79' lang='grc' dir='ltr'><em>πόντοι</em></span> <span class='ocrx_word' id='word_1_153' title='bbox 553 2122 636 2206; x_wconf 78' lang='grc' dir='ltr'><em>πρὸς</em></span> <span class='ocrx_word' id='word_1_154' title='bbox 662 2122 768 2185; x_wconf 81' lang='grc' dir='ltr'><em>πάντα</em></span> <span class='ocrx_word' id='word_1_155' title='bbox 795 2119 916 2204; x_wconf 82' lang='grc' dir='ltr'><em>λόγους</em></span> <span class='ocrx_word' id='word_1_156' title='bbox 947 2118 1011 2198; x_wconf 72' lang='grc' dir='ltr'><em>ἕξει</em></span> <span class='ocrx_word' id='word_1_157' title='bbox 1038 2121 1139 2186; x_wconf 73' lang='grc' dir='ltr'><em>δεδο·</em></span> 
     </span>
     <span class='ocr_line' id='line_1_19' title="bbox 120 2231 1185 2315; baseline -0.004 -19"><span class='ocrx_word' id='word_1_158' title='bbox 120 2231 250 2315; x_wconf 90' lang='grc' dir='ltr'><em>μένους.</em></span> <span class='ocrx_word' id='word_1_159' title='bbox 735 2247 737 2252; x_wconf 86' lang='grc'><em>·</em></span> <span class='ocrx_word' id='word_1_160' title='bbox 1179 2280 1185 2292; x_wconf 92' lang='grc'><strong>.</strong></span> 
     </span>
     <span class='ocr_line' id='line_1_20' title="bbox 166 2331 1136 2420; baseline 0 -19"><span class='ocrx_word' id='word_1_161' title='bbox 166 2334 257 2401; x_wconf 77' lang='grc' dir='ltr'><em>’ἐπεὶ</em></span> <span class='ocrx_word' id='word_1_162' title='bbox 285 2336 347 2420; x_wconf 79' lang='grc' dir='ltr'><em>γὰρ</em></span> <span class='ocrx_word' id='word_1_163' title='bbox 371 2337 469 2417; x_wconf 84' lang='grc' dir='ltr'><em>λόγος</em></span> <span class='ocrx_word' id='word_1_164' title='bbox 492 2331 559 2398; x_wconf 81' lang='grc' dir='ltr'><em>ἐστὶ</em></span> <span class='ocrx_word' id='word_1_165' title='bbox 584 2342 644 2398; x_wconf 90' lang='grc' dir='ltr'><em>τοῦ</em></span> <span class='ocrx_word' id='word_1_166' title='bbox 668 2337 737 2398; x_wconf 85' lang='grc' dir='ltr'><em>ΑΕ</em></span> <span class='ocrx_word' id='word_1_167' title='bbox 761 2334 845 2419; x_wconf 81' lang='grc' dir='ltr'><em>πρὸς</em></span> <span class='ocrx_word' id='word_1_168' title='bbox 868 2335 928 2398; x_wconf 91' lang='grc' dir='ltr'><em>ΓΖ</em></span> <span class='ocrx_word' id='word_1_169' title='bbox 957 2334 1087 2418; x_wconf 80' lang='grc' dir='ltr'><em>δοθείς,</em></span> <span class='ocrx_word' id='word_1_170' title='bbox 1115 2334 1136 2401; x_wconf 83' lang='grc' dir='ltr'><em>δ</em></span> 
     </span>
     <span class='ocr_line' id='line_1_21' title="bbox 61 2438 1138 2528; baseline -0.002 -20"><span class='ocrx_word' id='word_1_171' title='bbox 61 2458 102 2507; x_wconf 72' lang='lat'><em>20</em></span> <span class='ocrx_word' id='word_1_172' title='bbox 121 2443 221 2518; x_wconf 85' lang='grc' dir='ltr'><em>αὐτὸς</em></span> <span class='ocrx_word' id='word_1_173' title='bbox 244 2441 333 2528; x_wconf 76' lang='grc' dir='ltr'><em>αὐτῷ</em></span> <span class='ocrx_word' id='word_1_174' title='bbox 352 2438 513 2524; x_wconf 84' lang='grc' dir='ltr'><em>γεγονέτω</em></span> <span class='ocrx_word' id='word_1_175' title='bbox 537 2439 555 2505; x_wconf 86' lang='grc' dir='ltr'><em>δ</em></span> <span class='ocrx_word' id='word_1_176' title='bbox 578 2447 638 2504; x_wconf 89' lang='grc' dir='ltr'><em>τοῦ</em></span> <span class='ocrx_word' id='word_1_177' title='bbox 656 2444 721 2504; x_wconf 91' lang='grc' dir='ltr'><em>ΑΒ</em></span> <span class='ocrx_word' id='word_1_178' title='bbox 744 2441 828 2524; x_wconf 81' lang='grc' dir='ltr'><em>πρὸς</em></span> <span class='ocrx_word' id='word_1_179' title='bbox 846 2442 930 2507; x_wconf 82' lang='grc' dir='ltr'><em>ΓΗ·</em></span> <span class='ocrx_word' id='word_1_180' title='bbox 952 2443 1051 2522; x_wconf 87' lang='grc' dir='ltr'><em>λόγος</em></span> <span class='ocrx_word' id='word_1_181' title='bbox 1068 2442 1138 2528; x_wconf 76' lang='grc' dir='ltr'><em>ἄρα</em></span> 
     </span>
     <span class='ocr_line' id='line_1_22' title="bbox 120 2534 1136 2632; baseline -0.001 -18"><span class='ocrx_word' id='word_1_182' title='bbox 120 2547 175 2614; x_wconf 80' lang='grc' dir='ltr'><em>καὶ</em></span> <span class='ocrx_word' id='word_1_183' title='bbox 198 2556 258 2613; x_wconf 88' lang='grc' dir='ltr'><em>τοῦ</em></span> <span class='ocrx_word' id='word_1_184' title='bbox 281 2551 347 2612; x_wconf 88' lang='lat' dir='ltr'><em>AB</em></span> <span class='ocrx_word' id='word_1_185' title='bbox 372 2548 456 2632; x_wconf 77' lang='grc' dir='ltr'><em>πρὸς</em></span> <span class='ocrx_word' id='word_1_186' title='bbox 479 2549 551 2610; x_wconf 89' lang='grc' dir='ltr'><em>ΓΗ</em></span> <span class='ocrx_word' id='word_1_187' title='bbox 571 2534 694 2623; x_wconf 78' lang='grc' dir='ltr'><em>δοθείς.</em></span> <span class='ocrx_word' id='word_1_188' title='bbox 739 2549 830 2611; x_wconf 83' lang='grc' dir='ltr'><em>ἔσται</em></span> <span class='ocrx_word' id='word_1_189' title='bbox 852 2544 907 2611; x_wconf 80' lang='grc' dir='ltr'><em>καὶ</em></span> <span class='ocrx_word' id='word_1_190' title='bbox 930 2548 1049 2612; x_wconf 80' lang='grc' dir='ltr'><em>λοιποῦ</em></span> <span class='ocrx_word' id='word_1_191' title='bbox 1072 2556 1136 2613; x_wconf 88' lang='grc' dir='ltr'><em>τοῦ</em></span> 
     </span>
     <span class='ocr_line' id='line_1_23' title="bbox 120 2650 1135 2742; baseline -0.002 -21"><span class='ocrx_word' id='word_1_192' title='bbox 120 2660 183 2721; x_wconf 85' lang='grc' dir='ltr'><em>ΕΒ</em></span> <span class='ocrx_word' id='word_1_193' title='bbox 211 2655 294 2740; x_wconf 78' lang='grc' dir='ltr'><em>πρὸς</em></span> <span class='ocrx_word' id='word_1_194' title='bbox 318 2653 503 2742; x_wconf 85' lang='grc' dir='ltr'><em>’λοιιιὸντὸ</em></span> <span class='ocrx_word' id='word_1_195' title='bbox 528 2657 601 2717; x_wconf 90' lang='grc' dir='ltr'><em>ΖΗ</em></span> <span class='ocrx_word' id='word_1_196' title='bbox 628 2655 726 2736; x_wconf 90' lang='grc' dir='ltr'><em>λόγος</em></span> <span class='ocrx_word' id='word_1_197' title='bbox 753 2653 876 2730; x_wconf 74' lang='grc' dir='ltr'><em>δοθείς.</em></span> <span class='ocrx_word' id='word_1_198' title='bbox 920 2662 981 2719; x_wconf 89' lang='grc' dir='ltr'><em>τοῦ</em></span> <span class='ocrx_word' id='word_1_199' title='bbox 1009 2650 1045 2717; x_wconf 72' lang='grc' dir='ltr'><em>δέ</em></span> <span class='ocrx_word' id='word_1_200' title='bbox 1068 2658 1135 2719; x_wconf 84' lang='grc' dir='ltr'><em>ΕΒ</em></span> 
     </span>
     <span class='ocr_line' id='line_1_24' title="bbox 112 2755 1133 2852; baseline -0.002 -26"><span class='ocrx_word' id='word_1_201' title='bbox 112 2763 202 2852; x_wconf 21' lang='grc' dir='ltr'><em>,πρὸς</em></span> <span class='ocrx_word' id='word_1_202' title='bbox 220 2762 257 2825; x_wconf 88' lang='grc' dir='ltr'><em>τὸ</em></span> <span class='ocrx_word' id='word_1_203' title='bbox 276 2765 336 2825; x_wconf 87' lang='grc' dir='ltr'><em>ΖΛ</em></span> <span class='ocrx_word' id='word_1_204' title='bbox 359 2761 457 2841; x_wconf 89' lang='grc' dir='ltr'><em>λόγος</em></span> <span class='ocrx_word' id='word_1_205' title='bbox 479 2755 547 2823; x_wconf 80' lang='grc' dir='ltr'><em>ἐστὶ</em></span> <span class='ocrx_word' id='word_1_206' title='bbox 570 2759 697 2836; x_wconf 74' lang='grc' dir='ltr'><em>δοθείς·</em></span> <span class='ocrx_word' id='word_1_207' title='bbox 720 2756 776 2829; x_wconf 79' lang='grc' dir='ltr'><em>καὶ</em></span> <span class='ocrx_word' id='word_1_208' title='bbox 798 2766 858 2823; x_wconf 89' lang='grc' dir='ltr'><em>τοῦ</em></span> <span class='ocrx_word' id='word_1_209' title='bbox 878 2763 939 2823; x_wconf 84' lang='grc' dir='ltr'><em>ΖΛ</em></span> <span class='ocrx_word' id='word_1_210' title='bbox 955 2759 1027 2847; x_wconf 74' lang='grc' dir='ltr'><em>ἅμα</em></span> <span class='ocrx_word' id='word_1_211' title='bbox 1045 2761 1133 2845; x_wconf 77' lang='grc' dir='ltr'><em>πρὸς</em></span> 
     </span>
     <span class='ocr_line' id='line_1_25' title="bbox 122 2860 1137 2950; baseline -0.006 -14"><span class='ocrx_word' id='word_1_212' title='bbox 122 2873 195 2937; x_wconf 88' lang='grc' dir='ltr'><em>ΖΗ</em></span> <span class='ocrx_word' id='word_1_213' title='bbox 221 2869 320 2950; x_wconf 94' lang='grc' dir='ltr'><em>λόγος</em></span> <span class='ocrx_word' id='word_1_214' title='bbox 351 2863 420 2930; x_wconf 78' lang='grc' dir='ltr'><em>ἐστὶ</em></span> <span class='ocrx_word' id='word_1_215' title='bbox 452 2865 579 2942; x_wconf 74' lang='grc' dir='ltr'><em>δοθείς·</em></span> <span class='ocrx_word' id='word_1_216' title='bbox 615 2862 671 2929; x_wconf 79' lang='grc' dir='ltr'><em>καὶ</em></span> <span class='ocrx_word' id='word_1_217' title='bbox 701 2861 946 2949; x_wconf 81' lang='grc' dir='ltr'><em>ἀναστρέψαντι</em></span> <span class='ocrx_word' id='word_1_218' title='bbox 978 2860 1038 2929; x_wconf 86' lang='grc' dir='ltr'><em>τοῦ</em></span> <span class='ocrx_word' id='word_1_219' title='bbox 1067 2869 1137 2930; x_wconf 93' lang='grc' dir='ltr'><em>ΖΔ</em></span> 
     </span>
     <span class='ocr_line' id='line_1_26' title="bbox 37 2966 1136 3060; baseline -0.002 -22"><span class='ocrx_word' id='word_1_220' title='bbox 37 2986 101 3038; x_wconf 52' lang='grc' dir='ltr'><em>νο</em></span> <span class='ocrx_word' id='word_1_221' title='bbox 120 2977 203 3060; x_wconf 78' lang='grc' dir='ltr'><em>πρὸς</em></span> <span class='ocrx_word' id='word_1_222' title='bbox 224 2976 303 3038; x_wconf 87' lang='grc' dir='ltr'><em>ΔΗ</em></span> <span class='ocrx_word' id='word_1_223' title='bbox 321 2975 419 3054; x_wconf 90' lang='grc' dir='ltr'><em>λόγος</em></span> <span class='ocrx_word' id='word_1_224' title='bbox 438 2970 506 3057; x_wconf 77' lang='grc' dir='ltr'><em>ἐστὶ</em></span> <span class='ocrx_word' id='word_1_225' title='bbox 529 2972 652 3048; x_wconf 80' lang='grc' dir='ltr'><em>δοθείς.</em></span> <span class='ocrx_word' id='word_1_226' title='bbox 693 2966 748 3034; x_wconf 81' lang='grc' dir='ltr'><em>καὶ</em></span> <span class='ocrx_word' id='word_1_227' title='bbox 773 2968 841 3035; x_wconf 81' lang='grc' dir='ltr'><em>ἐπεὶ</em></span> <span class='ocrx_word' id='word_1_228' title='bbox 863 2973 962 3053; x_wconf 91' lang='grc' dir='ltr'><em>λόγος</em></span> <span class='ocrx_word' id='word_1_229' title='bbox 985 2968 1054 3035; x_wconf 79' lang='grc' dir='ltr'><em>ἐστὶ</em></span> <span class='ocrx_word' id='word_1_230' title='bbox 1072 2980 1136 3036; x_wconf 87' lang='grc' dir='ltr'><em>τοῦ</em></span> 
     </span>
    </p>
   </div>
   <div class='ocr_carea' id='block_1_4' title="bbox 121 3097 335 3110">
    <p class='ocr_par' dir='ltr' id='par_1_8' title="bbox 121 3097 335 3110">
     <span class='ocr_line' id='line_1_27' title="bbox 121 3097 335 3110; baseline 0 -5"><span class='ocrx_word' id='word_1_231' title='bbox 121 3097 335 3110; x_wconf 72' lang='grc'><em>,-.-..--..</em></span> 
     </span>
    </p>
   </div>
   <div class='ocr_carea' id='block_1_5' title="bbox 23 3160 1135 3519">
    <p class='ocr_par' dir='ltr' id='par_1_9' title="bbox 23 3160 1135 3447">
     <span class='ocr_line' id='line_1_28' title="bbox 126 3160 1135 3288; baseline 0.001 -72"><span class='ocrx_word' id='word_1_232' title='bbox 126 3219 129 3225; x_wconf 73' lang='grc'><strong>,</strong></span> <span class='ocrx_word' id='word_1_233' title='bbox 192 3170 216 3218; x_wconf 80' lang='lat'><em>2.</em></span> <span class='ocrx_word' id='word_1_234' title='bbox 232 3160 325 3234; x_wconf 76' lang='grc' dir='ltr'><em>ἐχέτω]</em></span> <span class='ocrx_word' id='word_1_235' title='bbox 341 3162 396 3234; x_wconf 77' lang='grc' dir='ltr'><em>ἔχει</em></span> <span class='ocrx_word' id='word_1_236' title='bbox 405 3179 431 3218; x_wconf 79' lang='lat' dir='ltr'><em>a.</em></span> <span class='ocrx_word' id='word_1_237' title='bbox 485 3162 528 3234; x_wconf 90' lang='grc' dir='ltr'><em>τό]</em></span> <span class='ocrx_word' id='word_1_238' title='bbox 544 3178 633 3216; x_wconf 65' lang='grc' dir='ltr'><em>ουτω.</em></span> <span class='ocrx_word' id='word_1_239' title='bbox 688 3160 903 3230; x_wconf 82' lang='grc' dir='ltr'><em>συμφότερονΡ.</em></span> <span class='ocrx_word' id='word_1_240' title='bbox 957 3167 982 3218; x_wconf 79' lang='grc'><em>3.</em></span> <span class='ocrx_word' id='word_1_241' title='bbox 997 3161 1135 3288; x_wconf 47' lang='lat' dir='ltr'><em>&amp;amq</em></span> 
     </span>
     <span class='ocr_line' id='line_1_29' title="bbox 120 3229 1117 3306; baseline -0.003 -15"><span class='ocrx_word' id='word_1_242' title='bbox 120 3254 174 3291; x_wconf 90' lang='lat' dir='ltr'><em>om.</em></span> <span class='ocrx_word' id='word_1_243' title='bbox 193 3234 316 3289; x_wconf 79' lang='lat' dir='ltr'><strong>PVat.v.</strong></span> <span class='ocrx_word' id='word_1_244' title='bbox 393 3241 418 3288; x_wconf 84' lang='lat'><em>4.</em></span> <span class='ocrx_word' id='word_1_245' title='bbox 438 3230 499 3288; x_wconf 79' lang='grc' dir='ltr'><em>ἐπεί</em></span> <span class='ocrx_word' id='word_1_246' title='bbox 518 3264 551 3274; x_wconf 92' lang='grc'>-</span> <span class='ocrx_word' id='word_1_247' title='bbox 571 3239 595 3286; x_wconf 80' lang='grc' dir='ltr'><em>ό.</em></span> <span class='ocrx_word' id='word_1_248' title='bbox 615 3229 781 3304; x_wconf 81' lang='grc' dir='ltr'><em>δεδομένον]</em></span> <span class='ocrx_word' id='word_1_249' title='bbox 801 3248 853 3286; x_wconf 90' lang='lat' dir='ltr'><em>om.</em></span> <span class='ocrx_word' id='word_1_250' title='bbox 873 3248 898 3286; x_wconf 80' lang='grc' dir='ltr'><em>ο.</em></span> <span class='ocrx_word' id='word_1_251' title='bbox 976 3239 1000 3287; x_wconf 86' lang='grc'><em>6.</em></span> <span class='ocrx_word' id='word_1_252' title='bbox 1019 3235 1083 3306; x_wconf 82' lang='grc' dir='ltr'><em>τοῦ]</em></span> <span class='ocrx_word' id='word_1_253' title='bbox 1101 3253 1117 3287; x_wconf 93' lang='grc' dir='ltr'><em>τ</em></span> 
     </span>
     <span class='ocr_line' id='line_1_30' title="bbox 23 3301 1134 3429; baseline 0.003 -72"><span class='ocrx_word' id='word_1_254' title='bbox 23 3305 53 3357; x_wconf 81' lang='grc'><em>.’</em></span> <span class='ocrx_word' id='word_1_255' title='bbox 113 3308 185 3361; x_wconf 55' lang='grc' dir='ltr'><em>’νοτ</em></span> <span class='ocrx_word' id='word_1_256' title='bbox 263 3309 286 3357; x_wconf 79' lang='grc'><em>7.</em></span> <span class='ocrx_word' id='word_1_257' title='bbox 306 3301 406 3359; x_wconf 77' lang='grc' dir='ltr'><em>τοῦδέ</em></span> <span class='ocrx_word' id='word_1_258' title='bbox 426 3335 458 3346; x_wconf 90' lang='grc'>-</span> <span class='ocrx_word' id='word_1_259' title='bbox 478 3301 587 3429; x_wconf 65' lang='grc' dir='ltr'><em>δοθείςχ</em></span> <span class='ocrx_word' id='word_1_260' title='bbox 607 3320 659 3358; x_wconf 89' lang='lat' dir='ltr'><em>om.</em></span> <span class='ocrx_word' id='word_1_261' title='bbox 680 3320 705 3357; x_wconf 79' lang='lat' dir='ltr'><em>a.</em></span> <span class='ocrx_word' id='word_1_262' title='bbox 777 3303 808 3358; x_wconf 86' lang='grc' dir='ltr'><em>τὸ</em></span> <span class='ocrx_word' id='word_1_263' title='bbox 827 3309 853 3358; x_wconf 85' lang='grc' dir='ltr'><em>Δ</em></span> <span class='ocrx_word' id='word_1_264' title='bbox 870 3320 896 3357; x_wconf 82' lang='lat' dir='ltr'><em>v.</em></span> <span class='ocrx_word' id='word_1_265' title='bbox 975 3309 1016 3358; x_wconf 89' lang='lat'><em>10.</em></span> <span class='ocrx_word' id='word_1_266' title='bbox 1036 3304 1134 3377; x_wconf 88' lang='grc' dir='ltr'><em>λόγον]</em></span> 
     </span>
     <span class='ocr_line' id='line_1_31' title="bbox 117 3373 1134 3447; baseline 0 -16"><span class='ocrx_word' id='word_1_267' title='bbox 117 3394 205 3447; x_wconf 77' lang='lat' dir='ltr'><strong>supra</strong></span> <span class='ocrx_word' id='word_1_268' title='bbox 223 3375 288 3429; x_wconf 80' lang='lat' dir='ltr'><strong>add.</strong></span> <span class='ocrx_word' id='word_1_269' title='bbox 307 3394 343 3431; x_wconf 91' lang='lat' dir='ltr'><em>m.</em></span> <span class='ocrx_word' id='word_1_270' title='bbox 359 3381 374 3430; x_wconf 72' lang='grc' dir='ltr'><em>λ</em></span> <span class='ocrx_word' id='word_1_271' title='bbox 393 3394 419 3430; x_wconf 83' lang='lat' dir='ltr'><em>v.</em></span> <span class='ocrx_word' id='word_1_272' title='bbox 476 3382 521 3431; x_wconf 70' lang='lat'><em>11.⁴</em></span> <span class='ocrx_word' id='word_1_273' title='bbox 536 3375 596 3447; x_wconf 16' lang='lat' dir='ltr'><em>nav]</em></span> <span class='ocrx_word' id='word_1_274' title='bbox 616 3391 700 3444; x_wconf 76' lang='lat' dir='ltr'>supra</span> <span class='ocrx_word' id='word_1_275' title='bbox 718 3373 783 3428; x_wconf 79' lang='lat' dir='ltr'>add.</span> <span class='ocrx_word' id='word_1_276' title='bbox 803 3391 838 3428; x_wconf 90' lang='lat' dir='ltr'><em>m.</em></span> <span class='ocrx_word' id='word_1_277' title='bbox 854 3381 869 3428; x_wconf 79' lang='lat'><strong>2</strong></span> <span class='ocrx_word' id='word_1_278' title='bbox 888 3392 919 3442; x_wconf 71' lang='grc' dir='ltr'><em>ος</em></span> <span class='ocrx_word' id='word_1_279' title='bbox 938 3373 1013 3430; x_wconf 77' lang='lat' dir='ltr'><strong>item</strong></span> <span class='ocrx_word' id='word_1_280' title='bbox 1026 3374 1076 3430; x_wconf 70' lang='lat' dir='ltr'><em>lm</em></span> <span class='ocrx_word' id='word_1_281' title='bbox 1090 3382 1134 3432; x_wconf 77' lang='lat'><em>15.</em></span> 
     </span>
    </p>

    <p class='ocr_par' dir='ltr' id='par_1_10' title="bbox 156 3444 1134 3519">
     <span class='ocr_line' id='line_1_32' title="bbox 156 3444 1134 3519; baseline 0.001 -18"><span class='ocrx_word' id='word_1_282' title='bbox 156 3454 199 3502; x_wconf 80' lang='lat'><em>14.</em></span> <span class='ocrx_word' id='word_1_283' title='bbox 217 3447 249 3502; x_wconf 90' lang='grc' dir='ltr'><em>τό</em></span> <span class='ocrx_word' id='word_1_284' title='bbox 259 3446 341 3519; x_wconf 79' lang='lat' dir='ltr'><strong>(alt.)]</strong></span> <span class='ocrx_word' id='word_1_285' title='bbox 361 3464 414 3501; x_wconf 90' lang='lat' dir='ltr'><em>om.</em></span> <span class='ocrx_word' id='word_1_286' title='bbox 434 3463 459 3500; x_wconf 82' lang='lat' dir='ltr'><em>a.</em></span> <span class='ocrx_word' id='word_1_287' title='bbox 539 3451 580 3501; x_wconf 82' lang='lat'><em>16.</em></span> <span class='ocrx_word' id='word_1_288' title='bbox 601 3445 663 3516; x_wconf 83' lang='lat' dir='ltr'><em>PZ]</em></span> <span class='ocrx_word' id='word_1_289' title='bbox 683 3460 751 3498; x_wconf 87' lang='lat' dir='ltr'>corr.</span> <span class='ocrx_word' id='word_1_290' title='bbox 771 3460 805 3498; x_wconf 82' lang='lat' dir='ltr'><em>ex</em></span> <span class='ocrx_word' id='word_1_291' title='bbox 825 3449 874 3499; x_wconf 86' lang='grc' dir='ltr'><em>ΓΔ</em></span> <span class='ocrx_word' id='word_1_292' title='bbox 891 3445 1010 3500; x_wconf 82' lang='lat' dir='ltr'><strong>m.1v&#39;.</strong></span> <span class='ocrx_word' id='word_1_293' title='bbox 1088 3444 1134 3519; x_wconf 80' lang='grc' dir='ltr'><em>δε]</em></span> 
     </span>
    </p>
   </div>
   <div class='ocr_carea' id='block_1_6' title="bbox 52 3515 1045 3616">
    <p class='ocr_par' dir='ltr' id='par_1_11' title="bbox 52 3515 1045 3616">
     <span class='ocr_line' id='line_1_33' title="bbox 52 3515 1045 3616; baseline 0 -44"><span class='ocrx_word' id='word_1_294' title='bbox 52 3516 219 3616; x_wconf 40' lang='lat' dir='ltr'><strong>&#39;Koma</strong></span> <span class='ocrx_word' id='word_1_295' title='bbox 307 3524 348 3572; x_wconf 86' lang='grc'><em>19.</em></span> <span class='ocrx_word' id='word_1_296' title='bbox 367 3519 398 3572; x_wconf 85' lang='grc' dir='ltr'><em>τὸ</em></span> <span class='ocrx_word' id='word_1_297' title='bbox 420 3520 471 3574; x_wconf 84' lang='grc' dir='ltr'><em>ΓΖ</em></span> <span class='ocrx_word' id='word_1_298' title='bbox 489 3533 514 3571; x_wconf 77' lang='grc' dir='ltr'><em>ω.</em></span> <span class='ocrx_word' id='word_1_299' title='bbox 606 3515 822 3583; x_wconf 72' lang='grc' dir='ltr'><em>νδτὸΓΗως</em></span> <span class='ocrx_word' id='word_1_300' title='bbox 846 3515 1045 3574; x_wconf 76' lang='lat' dir='ltr'>itemlin.21.</span> 
     </span>
    </p>
   </div>
   <div class='ocr_carea' id='block_1_7' title="bbox 0 0 1204 3840">
    <p class='ocr_par' dir='ltr' id='par_1_12' title="bbox 0 0 1204 3840">
     <span class='ocr_line' id='line_1_34' title="bbox 0 0 1204 3840; baseline 0 0"><span class='ocrx_word' id='word_1_301' title='bbox 0 0 1204 3840; x_wconf 95' lang='lat' dir='ltr'><em> </em></span> 
     </span>
    </p>
   </div>
  </div>
 </body>
</html>
