2400 3840
530 157 634 209 nura,
1024 158 1088 224 105

75 299 171 363 datus
191 303 250 383 est,
270 299 323 382 qui
343 298 537 383 relinquitur
556 303 682 375 [ΓΑΔ
700 300 795 364 datus
814 302 876 366 erit
896 302 1000 386 [prop.
1016 301 1088 385 IV}

74 427 190 469 uerum
213 404 312 469 etiam
335 407 467 480 [ΓΔΑ
490 405 584 469 datus
608 409 671 489 θεὶς
696 429 773 470 nam
795 411 902 471 rectus
926 411 983 471 est.
1030 407 1089 471 ita-

75 533 138 595 que
160 510 304 595 reliquus
328 514 463 586 [ΑΓΛ
487 511 581 575 datus
601 515 650 576 est
670 511 710 596 [1,
728 513 786 590 323
809 533 921 596 propp.
940 512 999 596 ΙΙΙ,
1017 511 1088 596 IV}

75 638 175 700 quare
202 616 237 684 Δ
256 619 357 680 ΑΓΛ
385 618 479 680 datus
508 621 559 680 est
586 617 692 700 specie
723 617 827 702 [prop.
850 617 932 700 XL].
977 617 1088 700 itaque

75 723 160 787 ratio
186 726 246 787 ΓΑ
260 745 267 785 :
282 728 348 787 AA
371 723 448 786 data
471 727 521 787 eet
545 721 620 805 [def.
641 723 684 806 3].
732 723 788 787 sed
810 723 894 786 ratio
919 729 986 786 ΔΑ
1000 746 1006 785 :
1022 729 1088 787 AB

76 830 152 894 data
189 832 247 893 est.
313 850 412 912 quare
449 828 548 892 etiam
584 829 668 892 ratio
706 832 770 893 ΓΑ
789 851 796 891 :
815 834 886 892 AB
927 831 1003 893 data
1039 834 1089 893 est

76 935 182 1019 [prop.
201 933 305 1018 VIII}
352 937 385 998 et
408 933 484 996 data
507 937 557 997 cst
581 937 651 997 ΒΑ.
697 955 776 1019 crgo
799 935 898 998 etiarn
921 937 992 998 ΑΓ
1015 936 1090 1000 data

76 1045 127 1106 est
151 1041 255 1125 [prop.
277 1039 335 1122 Π].
381 1043 413 1102 et
437 1042 487 1102 est
510 1038 650 1102 latitudo
673 1040 772 1122 spatii
795 1040 955 1124 adplicati.

523 1231 639 1296 LVIII.

144 1355 179 1421 Si
203 1358 314 1420 datum
337 1355 480 1439 spatium
503 1354 596 1418 datae
614 1360 722 1420 rectae
740 1357 920 1440 adplicatur
938 1359 1088 1423 deficiens

75 1465 182 1548 figura
209 1461 314 1545 specie
339 1461 426 1544 data,
453 1459 642 1525 latitudines
671 1461 769 1545 spatii
793 1462 971 1527 deficientis
995 1465 1088 1529 datae

78 1572 164 1633 sunt.

144 1696 220 1738 nam
244 1675 356 1738 datum
380 1672 522 1756 spatium
544 1678 577 1735 A
583 1675 616 1736 Γ
633 1672 727 1736 datae
748 1678 815 1736 AA
837 1673 1016 1756 adplicetur
1038 1674 1089 1738 de·

76 1780 188 1845 ficiens
206 1781 312 1865 figura
331 1778 435 1862 specie
452 1777 529 1840 data
543 1780 612 1841 ΓΔ.
646 1776 727 1860 dico,
745 1781 916 1862 utramque
936 1781 1010 1862 ΒΓ,
1025 1782 1088 1842 BA
1105 1787 1107 1792 '

536 1882 645 1944 datam
669 1903 746 1945 esse.

259 1987 301 2036 H
385 1983 414 2036 Θ
462 1996 484 2045 Ζ
594 1990 720 2051 secetur
743 1987 829 2050 enim
852 1993 922 2052 AA
949 1988 1087 2053 induas

534 2096 643 2175 partes
671 2092 821 2177 aequales
848 2092 883 2155 in
905 2098 1027 2176 puncto
1050 2100 1088 2159 E.

533 2198 644 2281 itaque
663 2199 738 2263 data
757 2204 807 2264 est
826 2204 894 2264 EA
913 2200 1017 2284 [prop.
1031 2200 1087 2284 Π].

535 2308 568 2367 et
602 2309 810 2369 construatur
844 2307 880 2369 in
911 2310 979 2370 EA
1010 2307 1090 2390 figu-

534 2432 589 2474 rae
618 2414 684 2474 ΓΛ
716 2410 832 2475 similia
869 2416 901 2476 et
938 2411 1088 2477 similiter

535 2515 642 2599 posita
680 2517 787 2602 figura
821 2517 988 2582 rectilinea
1024 2523 1089 2583 EZ

394 2699 397 2729 ι
536 2620 615 2706 [VI,
643 2621 718 2706 18]‚
752 2626 785 2686 et
817 2624 1017 2688 describatur
1053 2625 1089 2686 fi-

257 2750 292 2802 Ε
370 2755 403 2806 Β
430 2753 463 2807 Δ
535 2746 624 2810 gura.
674 2726 784 2810 itaque
808 2729 908 2792 etiam
926 2733 989 2792 ΕΖ
1013 2729 1088 2792 data

535 2835 585 2895 est
599 2831 704 2915 specie
724 2832 800 2916 [def.
816 2832 860 2916 3].
886 2855 903 2897 c
934 2834 1087 2917 quoniam

71 2932 111 2994 in
139 2932 214 2996 data
241 2937 331 2996 recta
357 2939 425 2998 EA
456 2936 561 3019 figura
589 2937 693 3022 specie
722 2939 798 3001 data
825 2943 1011 3003 constructa
1038 2943 1088 3002 cst

76 3042 155 3122 ΕΖ,
190 3042 255 3101 ΕΖ
284 3039 359 3103 data
391 3041 453 3105 erit
480 3041 702 3126 magnitudine
731 3043 835 3127 [prop.
854 3041 937 3126 LII}
983 3047 1016 3106 et
1038 3048 1088 3108 est

76 3147 140 3207 EZ
154 3174 196 3196 =
212 3147 283 3209 ΑΓ
293 3148 332 3226 -Ι-
349 3149 416 3210 ΚΘ
440 3147 479 3231 [1,
493 3149 549 3231 363
571 3146 699 3232 V1,26;
721 3148 747 3233 Ι,
761 3149 828 3232 43].
875 3169 973 3231 quare
990 3149 1089 3212 etiam

74 3252 147 3314 ΑΓ
158 3253 197 3331 -Ι-
213 3254 248 3313 K
253 3255 282 3315 Θ
305 3252 397 3317 datae
417 3258 493 3318 sunt
511 3253 734 3338 magnitudine
756 3253 831 3338 [def.
853 3253 895 3337 1].
933 3256 966 3316 et
983 3255 1089 3339 figura

111 3407 305 3549 21Ίτᾳέεὲἷει]
326 3410 421 3465 om.b.
494 3417 536 3465 23.
557 3413 622 3483 EZ]
643 3411 774 3467 aava.
849 3417 890 3466 24.
910 3408 975 3483 καί]
993 3428 1088 3468 om.v.

110 3498 145 3532 W
176 3497 192 3531 τ
276 3522 281 3533 .
