<?xml version="1.0" encoding="UTF-8"?>
<!DOCTYPE html PUBLIC "-//W3C//DTD XHTML 1.0 Transitional//EN"
    "http://www.w3.org/TR/xhtml1/DTD/xhtml1-transitional.dtd">
<html xmlns="http://www.w3.org/1999/xhtml" xml:lang="en" lang="en">
 <head>
  <title>
</title>
<meta http-equiv="Content-Type" content="text/html;charset=utf-8" />
  <meta name='ocr-system' content='tesseract 3.04.00' />
  <meta name='ocr-capabilities' content='ocr_page ocr_carea ocr_par ocr_line ocrx_word'/>
</head>
<body>
  <div class='ocr_page' id='page_1' title='image "./euclidisoperaom05unkngoog_0164.png"; bbox 0 0 2400 3840; ppageno 0'>
   <div class='ocr_carea' id='block_1_1' title="bbox 516 135 1072 200">
    <p class='ocr_par' dir='ltr' id='par_1_1' title="bbox 516 135 1072 200">
     <span class='ocr_line' id='line_1_1' title="bbox 516 135 1072 200; baseline -0.004 -10"><span class='ocrx_word' id='word_1_1' title='bbox 516 140 620 191; x_wconf 84' lang='lat' dir='ltr'>DATA.</span> <span class='ocrx_word' id='word_1_2' title='bbox 708 146 713 154; x_wconf 89' lang='lat'>&#39;</span> <span class='ocrx_word' id='word_1_3' title='bbox 1031 135 1072 200; x_wconf 85' lang='lat'>91</span> 
     </span>
    </p>
   </div>
   <div class='ocr_carea' id='block_1_2' title="bbox 59 282 1072 477">
    <p class='ocr_par' dir='ltr' id='par_1_2' title="bbox 59 282 1072 477">
     <span class='ocr_line' id='line_1_2' title="bbox 125 282 1072 366; baseline -0.001 -19"><span class='ocrx_word' id='word_1_4' title='bbox 125 305 202 347; x_wconf 90' lang='lat' dir='ltr'>nam</span> <span class='ocrx_word' id='word_1_5' title='bbox 233 283 269 346; x_wconf 91' lang='lat' dir='ltr'>in</span> <span class='ocrx_word' id='word_1_6' title='bbox 295 283 407 346; x_wconf 88' lang='lat' dir='ltr'>eadem</span> <span class='ocrx_word' id='word_1_7' title='bbox 433 287 523 346; x_wconf 87' lang='lat' dir='ltr'>recta</span> <span class='ocrx_word' id='word_1_8' title='bbox 550 286 616 347; x_wconf 83' lang='lat' dir='ltr'>AB</span> <span class='ocrx_word' id='word_1_9' title='bbox 649 284 730 346; x_wconf 90' lang='lat' dir='ltr'>duae</span> <span class='ocrx_word' id='word_1_10' title='bbox 759 282 922 365; x_wconf 83' lang='lat' dir='ltr'>quaelibet</span> <span class='ocrx_word' id='word_1_11' title='bbox 949 282 1072 366; x_wconf 84' lang='lat' dir='ltr'>figurae</span> 
     </span>
     <span class='ocr_line' id='line_1_3' title="bbox 59 387 1072 477; baseline 0 -25"><span class='ocrx_word' id='word_1_12' title='bbox 59 387 248 453; x_wconf 72' lang='lat' dir='ltr'>rectilineae</span> <span class='ocrx_word' id='word_1_13' title='bbox 272 388 495 452; x_wconf 77' lang='lat' dir='ltr'>describantur</span> <span class='ocrx_word' id='word_1_14' title='bbox 518 388 624 473; x_wconf 88' lang='lat' dir='ltr'>specie</span> <span class='ocrx_word' id='word_1_15' title='bbox 648 389 742 451; x_wconf 88' lang='lat' dir='ltr'>datae</span> <span class='ocrx_word' id='word_1_16' title='bbox 766 390 945 477; x_wconf 68' lang='grc' dir='ltr'>ΑΕΓΖΒἸ</span> <span class='ocrx_word' id='word_1_17' title='bbox 963 392 1072 452; x_wconf 85' lang='grc' dir='ltr'><em>ΑΔΒ.</em></span> 
     </span>
    </p>
   </div>
   <div class='ocr_carea' id='block_1_3' title="bbox 56 494 1073 684">
    <p class='ocr_par' dir='ltr' id='par_1_3' title="bbox 56 494 1073 684">
     <span class='ocr_line' id='line_1_4' title="bbox 56 494 894 578; baseline -0.004 -19"><span class='ocrx_word' id='word_1_18' title='bbox 56 495 145 578; x_wconf 88' lang='lat' dir='ltr'>dico,</span> <span class='ocrx_word' id='word_1_19' title='bbox 168 495 329 559; x_wconf 88' lang='lat' dir='ltr'>rationem</span> <span class='ocrx_word' id='word_1_20' title='bbox 353 497 522 559; x_wconf 91' lang='grc' dir='ltr'><em>ΑΕΓΖΒ</em></span> <span class='ocrx_word' id='word_1_21' title='bbox 536 517 543 556; x_wconf 93' lang='lat'><strong>:</strong></span> <span class='ocrx_word' id='word_1_22' title='bbox 559 497 659 558; x_wconf 87' lang='grc' dir='ltr'>ΑΔΒ</span> <span class='ocrx_word' id='word_1_23' title='bbox 683 494 792 556; x_wconf 90' lang='lat' dir='ltr'>datam</span> <span class='ocrx_word' id='word_1_24' title='bbox 816 515 894 557; x_wconf 86' lang='lat' dir='ltr'>esse.</span> 
     </span>
     <span class='ocr_line' id='line_1_5' title="bbox 124 600 1073 684; baseline -0.003 -18"><span class='ocrx_word' id='word_1_25' title='bbox 124 602 284 666; x_wconf 72' lang='lat' dir='ltr'><strong>ducantur</strong></span> <span class='ocrx_word' id='word_1_26' title='bbox 309 600 394 664; x_wconf 92' lang='lat' dir='ltr'>enim</span> <span class='ocrx_word' id='word_1_27' title='bbox 418 606 450 664; x_wconf 93' lang='grc' dir='ltr'><em>Α</em></span> <span class='ocrx_word' id='word_1_28' title='bbox 457 604 498 684; x_wconf 85' lang='grc' dir='ltr'>Ζ,</span> <span class='ocrx_word' id='word_1_29' title='bbox 518 605 587 664; x_wconf 87' lang='lat' dir='ltr'>ZE.</span> <span class='ocrx_word' id='word_1_30' title='bbox 633 600 744 684; x_wconf 85' lang='lat' dir='ltr'>itaque</span> <span class='ocrx_word' id='word_1_31' title='bbox 771 600 993 683; x_wconf 84' lang='lat' dir='ltr'>unusquisque</span> <span class='ocrx_word' id='word_1_32' title='bbox 1017 600 1073 663; x_wconf 91' lang='lat' dir='ltr'>tri-</span> 
     </span>
    </p>
   </div>
   <div class='ocr_carea' id='block_1_4' title="bbox 57 704 1170 794">
    <p class='ocr_par' dir='ltr' id='par_1_4' title="bbox 57 704 1170 794">
     <span class='ocr_line' id='line_1_6' title="bbox 57 704 1170 794; baseline -0.004 -22"><span class='ocrx_word' id='word_1_33' title='bbox 57 708 253 794; x_wconf 81' lang='lat' dir='ltr'>angulorum</span> <span class='ocrx_word' id='word_1_34' title='bbox 276 710 382 790; x_wconf 80' lang='grc' dir='ltr'><em>ΕΓΖ,</em></span> <span class='ocrx_word' id='word_1_35' title='bbox 401 710 506 790; x_wconf 82' lang='grc' dir='ltr'><em>ΕΖΑ,</em></span> <span class='ocrx_word' id='word_1_36' title='bbox 527 709 621 769; x_wconf 90' lang='grc' dir='ltr'>ΖΑΒ</span> <span class='ocrx_word' id='word_1_37' title='bbox 645 705 740 770; x_wconf 88' lang='lat' dir='ltr'>datus</span> <span class='ocrx_word' id='word_1_38' title='bbox 764 710 814 770; x_wconf 88' lang='lat' dir='ltr'>est</span> <span class='ocrx_word' id='word_1_39' title='bbox 837 704 942 789; x_wconf 87' lang='lat' dir='ltr'>specie</span> <span class='ocrx_word' id='word_1_40' title='bbox 967 705 1072 789; x_wconf 88' lang='lat' dir='ltr'><strong>[prop.</strong></span> <span class='ocrx_word' id='word_1_41' title='bbox 1167 752 1170 758; x_wconf 85' lang='lat'>-</span> 
     </span>
    </p>
   </div>
   <div class='ocr_carea' id='block_1_5' title="bbox 54 811 1073 1957">
    <p class='ocr_par' dir='ltr' id='par_1_5' title="bbox 54 811 1073 1215">
     <span class='ocr_line' id='line_1_7' title="bbox 54 811 1073 897; baseline -0.003 -19"><span class='ocrx_word' id='word_1_42' title='bbox 54 813 205 897; x_wconf 67' lang='lat' dir='ltr'><strong>XLVII}</strong></span> <span class='ocrx_word' id='word_1_43' title='bbox 261 817 293 878; x_wconf 86' lang='lat' dir='ltr'>et</span> <span class='ocrx_word' id='word_1_44' title='bbox 326 813 479 897; x_wconf 91' lang='lat' dir='ltr'>quoniam</span> <span class='ocrx_word' id='word_1_45' title='bbox 510 812 546 875; x_wconf 90' lang='lat' dir='ltr'>in</span> <span class='ocrx_word' id='word_1_46' title='bbox 569 812 679 876; x_wconf 88' lang='lat' dir='ltr'>eadem</span> <span class='ocrx_word' id='word_1_47' title='bbox 712 816 801 876; x_wconf 88' lang='lat' dir='ltr'>recta</span> <span class='ocrx_word' id='word_1_48' title='bbox 828 815 892 875; x_wconf 87' lang='grc' dir='ltr'>ΕΖ</span> <span class='ocrx_word' id='word_1_49' title='bbox 925 812 988 875; x_wconf 90' lang='lat' dir='ltr'>duo</span> <span class='ocrx_word' id='word_1_50' title='bbox 1016 811 1073 875; x_wconf 85' lang='lat' dir='ltr'>tri-</span> 
     </span>
     <span class='ocr_line' id='line_1_8' title="bbox 498 917 1072 1003; baseline -0.002 -21"><span class='ocrx_word' id='word_1_51' title='bbox 498 917 611 1003; x_wconf 84' lang='lat' dir='ltr'>anguli</span> <span class='ocrx_word' id='word_1_52' title='bbox 624 917 730 1000; x_wconf 90' lang='lat' dir='ltr'>specie</span> <span class='ocrx_word' id='word_1_53' title='bbox 743 917 811 981; x_wconf 89' lang='lat' dir='ltr'>dati</span> <span class='ocrx_word' id='word_1_54' title='bbox 823 917 977 1002; x_wconf 75' lang='lat' dir='ltr'>descripti</span> <span class='ocrx_word' id='word_1_55' title='bbox 988 922 1072 1002; x_wconf 82' lang='lat' dir='ltr'>sunt,</span> 
     </span>
     <span class='ocr_line' id='line_1_9' title="bbox 312 1023 1072 1109; baseline 0.001 -23"><span class='ocrx_word' id='word_1_56' title='bbox 312 1036 346 1086; x_wconf 81' lang='grc' dir='ltr'><em>Γ</em></span> <span class='ocrx_word' id='word_1_57' title='bbox 496 1027 604 1108; x_wconf 74' lang='grc' dir='ltr'><em>ΕΖΓ,</em></span> <span class='ocrx_word' id='word_1_58' title='bbox 617 1028 726 1109; x_wconf 80' lang='grc' dir='ltr'><em>ΕΖΑ,</em></span> <span class='ocrx_word' id='word_1_59' title='bbox 748 1023 832 1088; x_wconf 90' lang='lat' dir='ltr'>ratio</span> <span class='ocrx_word' id='word_1_60' title='bbox 853 1027 1072 1088; x_wconf 78' lang='grc' dir='ltr'><em>ΓΕΖεΖΕΑ</em></span> 
     </span>
     <span class='ocr_line' id='line_1_10' title="bbox 498 1129 1072 1215; baseline 0 -22"><span class='ocrx_word' id='word_1_61' title='bbox 498 1131 573 1194; x_wconf 89' lang='lat' dir='ltr'>data</span> <span class='ocrx_word' id='word_1_62' title='bbox 587 1134 636 1194; x_wconf 90' lang='lat' dir='ltr'>est</span> <span class='ocrx_word' id='word_1_63' title='bbox 656 1130 760 1215; x_wconf 86' lang='lat' dir='ltr'><strong>[prop.</strong></span> <span class='ocrx_word' id='word_1_64' title='bbox 775 1129 940 1214; x_wconf 86' lang='lat' dir='ltr'><strong>XLVIH].</strong></span> <span class='ocrx_word' id='word_1_65' title='bbox 974 1152 1072 1214; x_wconf 90' lang='lat' dir='ltr'>quare</span> 
     </span>
    </p>

    <p class='ocr_par' dir='ltr' id='par_1_6' title="bbox 497 1236 950 1321">
     <span class='ocr_line' id='line_1_11' title="bbox 497 1236 950 1321; baseline 0 -21"><span class='ocrx_word' id='word_1_66' title='bbox 497 1236 596 1300; x_wconf 89' lang='lat' dir='ltr'>etiarn</span> <span class='ocrx_word' id='word_1_67' title='bbox 621 1238 842 1321; x_wconf 89' lang='lat' dir='ltr'>componendo</span> <span class='ocrx_word' id='word_1_68' title='bbox 866 1237 950 1301; x_wconf 86' lang='lat' dir='ltr'>ratio</span> 
     </span>
    </p>

    <p class='ocr_par' dir='ltr' id='par_1_7' title="bbox 645 1334 1007 1407">
     <span class='ocr_line' id='line_1_12' title="bbox 645 1334 1007 1407; baseline 0 -1"><span class='ocrx_word' id='word_1_69' title='bbox 645 1346 778 1407; x_wconf 77' lang='lat' dir='ltr'>rnAz</span> <span class='ocrx_word' id='word_1_70' title='bbox 793 1367 800 1406; x_wconf 65' lang='grc' dir='ltr'><strong><em>ι</em></strong></span> <span class='ocrx_word' id='word_1_71' title='bbox 817 1347 917 1407; x_wconf 77' lang='grc' dir='ltr'>ΖΕΑ</span> <span class='ocrx_word' id='word_1_72' title='bbox 1004 1334 1007 1341; x_wconf 89' lang='grc'><strong>’</strong></span> 
     </span>
    </p>

    <p class='ocr_par' dir='ltr' id='par_1_8' title="bbox 427 1448 1073 1957">
     <span class='ocr_line' id='line_1_13' title="bbox 498 1448 1071 1534; baseline 0.002 -23"><span class='ocrx_word' id='word_1_73' title='bbox 498 1449 573 1512; x_wconf 89' lang='lat' dir='ltr'>data</span> <span class='ocrx_word' id='word_1_74' title='bbox 588 1453 637 1513; x_wconf 89' lang='lat' dir='ltr'>est</span> <span class='ocrx_word' id='word_1_75' title='bbox 652 1449 758 1534; x_wconf 91' lang='lat' dir='ltr'><strong>[prop.</strong></span> <span class='ocrx_word' id='word_1_76' title='bbox 768 1448 839 1533; x_wconf 87' lang='lat' dir='ltr'><strong>VI].</strong></span> <span class='ocrx_word' id='word_1_77' title='bbox 859 1471 973 1513; x_wconf 89' lang='lat' dir='ltr'>uerum</span> <span class='ocrx_word' id='word_1_78' title='bbox 987 1449 1071 1513; x_wconf 90' lang='lat' dir='ltr'>ratio</span> 
     </span>
     <span class='ocr_line' id='line_1_14' title="bbox 499 1555 1072 1640; baseline -0.003 -21"><span class='ocrx_word' id='word_1_79' title='bbox 499 1559 623 1619; x_wconf 86' lang='lat' dir='ltr'>ZEA:</span> <span class='ocrx_word' id='word_1_80' title='bbox 646 1559 744 1619; x_wconf 90' lang='grc' dir='ltr'>ΖΑΒ</span> <span class='ocrx_word' id='word_1_81' title='bbox 782 1555 858 1618; x_wconf 91' lang='lat' dir='ltr'>data</span> <span class='ocrx_word' id='word_1_82' title='bbox 894 1559 961 1640; x_wconf 78' lang='lat' dir='ltr'>est,</span> <span class='ocrx_word' id='word_1_83' title='bbox 997 1555 1072 1637; x_wconf 87' lang='lat' dir='ltr'>quia</span> 
     </span>
     <span class='ocr_line' id='line_1_15' title="bbox 497 1660 1073 1748; baseline -0.002 -24"><span class='ocrx_word' id='word_1_84' title='bbox 497 1660 652 1746; x_wconf 84' lang='lat' dir='ltr'>trianguli</span> <span class='ocrx_word' id='word_1_85' title='bbox 663 1660 699 1724; x_wconf 91' lang='lat' dir='ltr'>in</span> <span class='ocrx_word' id='word_1_86' title='bbox 713 1660 825 1748; x_wconf 78' lang='lat' dir='ltr'>eadem</span> <span class='ocrx_word' id='word_1_87' title='bbox 839 1664 928 1724; x_wconf 89' lang='lat' dir='ltr'>recta</span> <span class='ocrx_word' id='word_1_88' title='bbox 941 1666 973 1724; x_wconf 87' lang='lat' dir='ltr'><em>A</em></span> <span class='ocrx_word' id='word_1_89' title='bbox 981 1664 1007 1723; x_wconf 92' lang='lat' dir='ltr'><strong>Z</strong></span> <span class='ocrx_word' id='word_1_90' title='bbox 1022 1661 1073 1724; x_wconf 89' lang='lat' dir='ltr'>de-</span> 
     </span>
     <span class='ocr_line' id='line_1_16' title="bbox 498 1765 1072 1851; baseline 0 -22"><span class='ocrx_word' id='word_1_91' title='bbox 498 1766 611 1851; x_wconf 77' lang='lat' dir='ltr'>scripti</span> <span class='ocrx_word' id='word_1_92' title='bbox 648 1771 723 1830; x_wconf 90' lang='lat' dir='ltr'>sunt</span> <span class='ocrx_word' id='word_1_93' title='bbox 765 1766 869 1850; x_wconf 88' lang='lat' dir='ltr'><strong>[prop.</strong></span> <span class='ocrx_word' id='word_1_94' title='bbox 902 1765 1072 1850; x_wconf 65' lang='lat' dir='ltr'><strong>XLVIII}</strong></span> 
     </span>
     <span class='ocr_line' id='line_1_17' title="bbox 427 1872 1072 1957; baseline 0.002 -22"><span class='ocrx_word' id='word_1_95' title='bbox 427 1947 429 1951; x_wconf 23' lang='grc' dir='ltr'>Ι</span> <span class='ocrx_word' id='word_1_96' title='bbox 497 1894 596 1957; x_wconf 91' lang='lat' dir='ltr'>quare</span> <span class='ocrx_word' id='word_1_97' title='bbox 607 1872 706 1936; x_wconf 92' lang='lat' dir='ltr'>etiam</span> <span class='ocrx_word' id='word_1_98' title='bbox 716 1872 801 1936; x_wconf 91' lang='lat' dir='ltr'>ratio</span> <span class='ocrx_word' id='word_1_99' title='bbox 813 1875 913 1936; x_wconf 85' lang='grc' dir='ltr'>ΓΕΑ</span> <span class='ocrx_word' id='word_1_100' title='bbox 919 1876 946 1935; x_wconf 90' lang='grc' dir='ltr'>Ζ</span> <span class='ocrx_word' id='word_1_101' title='bbox 957 1895 964 1935; x_wconf 89' lang='lat'>:</span> <span class='ocrx_word' id='word_1_102' title='bbox 976 1876 1037 1936; x_wconf 97' lang='grc' dir='ltr'>ΖΑ</span> <span class='ocrx_word' id='word_1_103' title='bbox 1044 1876 1072 1936; x_wconf 90' lang='grc' dir='ltr'><strong><em>Β</em></strong></span> 
     </span>
    </p>
   </div>
   <div class='ocr_carea' id='block_1_6' title="bbox 54 1973 1073 2382">
    <p class='ocr_par' dir='ltr' id='par_1_9' title="bbox 54 1973 1073 2382">
     <span class='ocr_line' id='line_1_18' title="bbox 55 1973 1072 2063; baseline 0.004 -25"><span class='ocrx_word' id='word_1_104' title='bbox 55 1974 135 2038; x_wconf 89' lang='lat' dir='ltr'>data</span> <span class='ocrx_word' id='word_1_105' title='bbox 145 1978 194 2037; x_wconf 89' lang='lat' dir='ltr'>est</span> <span class='ocrx_word' id='word_1_106' title='bbox 205 1973 416 2059; x_wconf 87' lang='lat' dir='ltr'><strong>[prop.VHI].</strong></span> <span class='ocrx_word' id='word_1_107' title='bbox 426 2007 427 2010; x_wconf 40' lang='lat'>¹</span> <span class='ocrx_word' id='word_1_108' title='bbox 436 1983 469 2042; x_wconf 90' lang='lat' dir='ltr'>et</span> <span class='ocrx_word' id='word_1_109' title='bbox 479 1979 701 2063; x_wconf 86' lang='lat' dir='ltr'>componendo</span> <span class='ocrx_word' id='word_1_110' title='bbox 711 1978 796 2042; x_wconf 90' lang='lat' dir='ltr'>ratio</span> <span class='ocrx_word' id='word_1_111' title='bbox 807 1982 962 2043; x_wconf 86' lang='grc' dir='ltr'><em>ΓΒΒΖΑ</em></span> <span class='ocrx_word' id='word_1_112' title='bbox 967 2002 974 2042; x_wconf 91' lang='lat'>:</span> <span class='ocrx_word' id='word_1_113' title='bbox 982 1982 1072 2042; x_wconf 87' lang='lat' dir='ltr'>ZBA</span> 
     </span>
     <span class='ocr_line' id='line_1_19' title="bbox 55 2080 1073 2170; baseline 0.003 -25"><span class='ocrx_word' id='word_1_114' title='bbox 55 2081 136 2145; x_wconf 90' lang='lat' dir='ltr'>data</span> <span class='ocrx_word' id='word_1_115' title='bbox 158 2085 208 2145; x_wconf 85' lang='lat' dir='ltr'>est</span> <span class='ocrx_word' id='word_1_116' title='bbox 233 2081 338 2166; x_wconf 89' lang='lat' dir='ltr'><strong>[prop.</strong></span> <span class='ocrx_word' id='word_1_117' title='bbox 357 2080 428 2170; x_wconf 89' lang='lat' dir='ltr'><strong>VI].</strong></span> <span class='ocrx_word' id='word_1_118' title='bbox 474 2107 587 2149; x_wconf 88' lang='lat' dir='ltr'>uerum</span> <span class='ocrx_word' id='word_1_119' title='bbox 614 2085 699 2150; x_wconf 88' lang='lat' dir='ltr'>ratio</span> <span class='ocrx_word' id='word_1_120' title='bbox 729 2089 827 2149; x_wconf 90' lang='grc' dir='ltr'>ΖΑΒ</span> <span class='ocrx_word' id='word_1_121' title='bbox 842 2109 849 2148; x_wconf 89' lang='lat'>:</span> <span class='ocrx_word' id='word_1_122' title='bbox 864 2089 968 2149; x_wconf 86' lang='grc' dir='ltr'>ΑΛΒ</span> <span class='ocrx_word' id='word_1_123' title='bbox 997 2085 1073 2149; x_wconf 91' lang='lat' dir='ltr'>data</span> 
     </span>
     <span class='ocr_line' id='line_1_20' title="bbox 55 2190 1071 2277; baseline 0.001 -23"><span class='ocrx_word' id='word_1_124' title='bbox 55 2193 108 2254; x_wconf 89' lang='lat' dir='ltr'>est</span> <span class='ocrx_word' id='word_1_125' title='bbox 133 2190 236 2275; x_wconf 87' lang='lat' dir='ltr'><strong>[prop.</strong></span> <span class='ocrx_word' id='word_1_126' title='bbox 255 2190 420 2277; x_wconf 67' lang='lat' dir='ltr'><strong>XLVIIH.</strong></span> <span class='ocrx_word' id='word_1_127' title='bbox 458 2214 535 2277; x_wconf 83' lang='lat' dir='ltr'>ergo</span> <span class='ocrx_word' id='word_1_128' title='bbox 555 2191 653 2256; x_wconf 90' lang='lat' dir='ltr'>etiam</span> <span class='ocrx_word' id='word_1_129' title='bbox 672 2192 756 2256; x_wconf 90' lang='lat' dir='ltr'>ratio</span> <span class='ocrx_word' id='word_1_130' title='bbox 777 2195 909 2256; x_wconf 86' lang='grc' dir='ltr'><em>ΓΕΑΒ</em></span> <span class='ocrx_word' id='word_1_131' title='bbox 916 2196 1037 2255; x_wconf 75' lang='grc' dir='ltr'><em>ΖιΑΔ</em></span> <span class='ocrx_word' id='word_1_132' title='bbox 1043 2195 1071 2255; x_wconf 93' lang='grc' dir='ltr'><em>Β</em></span> 
     </span>
     <span class='ocr_line' id='line_1_21' title="bbox 54 2297 459 2382; baseline 0 -20"><span class='ocrx_word' id='word_1_133' title='bbox 54 2298 136 2362; x_wconf 91' lang='lat' dir='ltr'>data</span> <span class='ocrx_word' id='word_1_134' title='bbox 158 2301 208 2362; x_wconf 86' lang='lat' dir='ltr'>est</span> <span class='ocrx_word' id='word_1_135' title='bbox 231 2297 335 2382; x_wconf 90' lang='lat' dir='ltr'><strong>[prop.</strong></span> <span class='ocrx_word' id='word_1_136' title='bbox 354 2297 459 2382; x_wconf 68' lang='lat' dir='ltr'><strong>VIII}</strong></span> 
     </span>
    </p>
   </div>
   <div class='ocr_carea' id='block_1_7' title="bbox 53 2616 1141 3321">
    <p class='ocr_par' dir='ltr' id='par_1_10' title="bbox 55 2616 1141 2915">
     <span class='ocr_line' id='line_1_22' title="bbox 128 2616 1141 2703; baseline 0.001 -22"><span class='ocrx_word' id='word_1_137' title='bbox 128 2616 163 2681; x_wconf 82' lang='lat' dir='ltr'>Si</span> <span class='ocrx_word' id='word_1_138' title='bbox 196 2618 277 2681; x_wconf 86' lang='lat' dir='ltr'>duae</span> <span class='ocrx_word' id='word_1_139' title='bbox 304 2622 410 2682; x_wconf 89' lang='lat' dir='ltr'>rectae</span> <span class='ocrx_word' id='word_1_140' title='bbox 438 2618 524 2682; x_wconf 92' lang='lat' dir='ltr'>inter</span> <span class='ocrx_word' id='word_1_141' title='bbox 552 2641 585 2682; x_wconf 89' lang='lat' dir='ltr'>se</span> <span class='ocrx_word' id='word_1_142' title='bbox 614 2619 775 2683; x_wconf 88' lang='lat' dir='ltr'>rationem</span> <span class='ocrx_word' id='word_1_143' title='bbox 802 2617 925 2682; x_wconf 91' lang='lat' dir='ltr'>habent</span> <span class='ocrx_word' id='word_1_144' title='bbox 953 2619 1072 2703; x_wconf 83' lang='lat' dir='ltr'>datam,</span> <span class='ocrx_word' id='word_1_145' title='bbox 1138 2686 1141 2691; x_wconf 92' lang='lat'><em>.</em></span> 
     </span>
     <span class='ocr_line' id='line_1_23' title="bbox 55 2719 1106 2809; baseline 0 -20"><span class='ocrx_word' id='word_1_146' title='bbox 55 2724 159 2790; x_wconf 90' lang='lat' dir='ltr'>etiam</span> <span class='ocrx_word' id='word_1_147' title='bbox 181 2725 302 2809; x_wconf 81' lang='lat' dir='ltr'>figurae</span> <span class='ocrx_word' id='word_1_148' title='bbox 326 2723 510 2788; x_wconf 75' lang='lat' dir='ltr'>rectilineae</span> <span class='ocrx_word' id='word_1_149' title='bbox 533 2725 569 2788; x_wconf 91' lang='lat' dir='ltr'>in</span> <span class='ocrx_word' id='word_1_150' title='bbox 590 2725 631 2788; x_wconf 89' lang='lat' dir='ltr'>iis</span> <span class='ocrx_word' id='word_1_151' title='bbox 656 2724 777 2788; x_wconf 85' lang='lat' dir='ltr'>similes</span> <span class='ocrx_word' id='word_1_152' title='bbox 800 2727 833 2787; x_wconf 94' lang='lat' dir='ltr'>et</span> <span class='ocrx_word' id='word_1_153' title='bbox 852 2723 1003 2788; x_wconf 86' lang='lat' dir='ltr'>similiter</span> <span class='ocrx_word' id='word_1_154' title='bbox 1021 2726 1072 2789; x_wconf 91' lang='lat' dir='ltr'>de·</span> <span class='ocrx_word' id='word_1_155' title='bbox 1102 2719 1106 2725; x_wconf 70' lang='grc'><strong>’</strong></span> 
     </span>
     <span class='ocr_line' id='line_1_24' title="bbox 56 2820 984 2915; baseline -0.005 -18"><span class='ocrx_word' id='word_1_156' title='bbox 56 2831 201 2915; x_wconf 87' lang='lat' dir='ltr'>scriptae</span> <span class='ocrx_word' id='word_1_157' title='bbox 223 2831 310 2895; x_wconf 88' lang='lat' dir='ltr'>inter</span> <span class='ocrx_word' id='word_1_158' title='bbox 334 2853 367 2894; x_wconf 86' lang='lat' dir='ltr'>se</span> <span class='ocrx_word' id='word_1_159' title='bbox 390 2831 551 2895; x_wconf 84' lang='lat' dir='ltr'>rationem</span> <span class='ocrx_word' id='word_1_160' title='bbox 574 2820 741 2895; x_wconf 84' lang='lat' dir='ltr'>habebunt</span> <span class='ocrx_word' id='word_1_161' title='bbox 764 2830 882 2894; x_wconf 91' lang='lat' dir='ltr'>datam.</span> <span class='ocrx_word' id='word_1_162' title='bbox 906 2899 914 2912; x_wconf 35' lang='lat'><em>⁰</em></span> <span class='ocrx_word' id='word_1_163' title='bbox 981 2844 984 2848; x_wconf 76' lang='grc'><strong><em>’</em></strong></span> 
     </span>
    </p>

    <p class='ocr_par' dir='ltr' id='par_1_11' title="bbox 53 2935 1073 3321">
     <span class='ocr_line' id='line_1_25' title="bbox 96 2935 1071 3021; baseline -0.001 -19"><span class='ocrx_word' id='word_1_164' title='bbox 96 2999 99 3002; x_wconf 81' lang='grc'>,</span> <span class='ocrx_word' id='word_1_165' title='bbox 119 2960 201 3016; x_wconf 22' lang='lat' dir='ltr'>‘nam</span> <span class='ocrx_word' id='word_1_166' title='bbox 220 2937 301 3002; x_wconf 85' lang='lat' dir='ltr'>duae</span> <span class='ocrx_word' id='word_1_167' title='bbox 320 2941 426 3002; x_wconf 88' lang='lat' dir='ltr'>rectae</span> <span class='ocrx_word' id='word_1_168' title='bbox 441 2944 473 3001; x_wconf 87' lang='lat' dir='ltr'><em>A</em></span> <span class='ocrx_word' id='word_1_169' title='bbox 479 2941 516 3021; x_wconf 83' lang='lat' dir='ltr'>B,</span> <span class='ocrx_word' id='word_1_170' title='bbox 528 2939 588 3000; x_wconf 87' lang='grc' dir='ltr'>ΓΔ</span> <span class='ocrx_word' id='word_1_171' title='bbox 606 2936 692 2999; x_wconf 88' lang='lat' dir='ltr'>inter</span> <span class='ocrx_word' id='word_1_172' title='bbox 706 2958 740 2999; x_wconf 89' lang='lat' dir='ltr'>se</span> <span class='ocrx_word' id='word_1_173' title='bbox 754 2935 914 3000; x_wconf 89' lang='lat' dir='ltr'>rationem</span> <span class='ocrx_word' id='word_1_174' title='bbox 929 2937 1071 3001; x_wconf 85' lang='lat' dir='ltr'>habeant</span> 
     </span>
     <span class='ocr_line' id='line_1_26' title="bbox 55 3041 1071 3127; baseline -0.001 -19"><span class='ocrx_word' id='word_1_175' title='bbox 55 3045 168 3108; x_wconf 89' lang='lat' dir='ltr'>datam</span> <span class='ocrx_word' id='word_1_176' title='bbox 187 3047 220 3107; x_wconf 88' lang='lat' dir='ltr'>et</span> <span class='ocrx_word' id='word_1_177' title='bbox 237 3043 273 3107; x_wconf 89' lang='lat' dir='ltr'>in</span> <span class='ocrx_word' id='word_1_178' title='bbox 291 3047 366 3126; x_wconf 89' lang='lat' dir='ltr'>AB,</span> <span class='ocrx_word' id='word_1_179' title='bbox 381 3045 443 3107; x_wconf 86' lang='grc' dir='ltr'>ΓΔ</span> <span class='ocrx_word' id='word_1_180' title='bbox 462 3043 584 3106; x_wconf 88' lang='lat' dir='ltr'>similes</span> <span class='ocrx_word' id='word_1_181' title='bbox 599 3046 631 3106; x_wconf 92' lang='lat' dir='ltr'>et</span> <span class='ocrx_word' id='word_1_182' title='bbox 646 3041 795 3106; x_wconf 81' lang='lat' dir='ltr'>simiIIter</span> <span class='ocrx_word' id='word_1_183' title='bbox 808 3042 933 3125; x_wconf 86' lang='lat' dir='ltr'>positae</span> <span class='ocrx_word' id='word_1_184' title='bbox 947 3043 1071 3127; x_wconf 82' lang='lat' dir='ltr'>figurae</span> 
     </span>
     <span class='ocr_line' id='line_1_27' title="bbox 53 3147 1073 3233; baseline -0.001 -19"><span class='ocrx_word' id='word_1_185' title='bbox 53 3149 244 3214; x_wconf 88' lang='lat' dir='ltr'>rectilineae</span> <span class='ocrx_word' id='word_1_186' title='bbox 265 3148 490 3213; x_wconf 85' lang='lat' dir='ltr'>describantur</span> <span class='ocrx_word' id='word_1_187' title='bbox 509 3154 547 3233; x_wconf 87' lang='lat' dir='ltr'>E,</span> <span class='ocrx_word' id='word_1_188' title='bbox 563 3152 597 3213; x_wconf 91' lang='lat' dir='ltr'>Z.</span> <span class='ocrx_word' id='word_1_189' title='bbox 635 3148 717 3232; x_wconf 78' lang='lat' dir='ltr'>dioc,</span> <span class='ocrx_word' id='word_1_190' title='bbox 740 3147 839 3212; x_wconf 89' lang='lat' dir='ltr'>etiarn</span> <span class='ocrx_word' id='word_1_191' title='bbox 859 3169 969 3213; x_wconf 90' lang='lat' dir='ltr'>earum</span> <span class='ocrx_word' id='word_1_192' title='bbox 986 3148 1073 3213; x_wconf 90' lang='lat' dir='ltr'>inter</span> 
     </span>
     <span class='ocr_line' id='line_1_28' title="bbox 55 3255 511 3321; baseline -0.007 0"><span class='ocrx_word' id='word_1_193' title='bbox 55 3255 276 3321; x_wconf 83' lang='lat' dir='ltr'>serationem</span> <span class='ocrx_word' id='word_1_194' title='bbox 300 3255 410 3319; x_wconf 89' lang='lat' dir='ltr'>datam</span> <span class='ocrx_word' id='word_1_195' title='bbox 433 3277 511 3320; x_wconf 84' lang='lat' dir='ltr'>esse.</span> 
     </span>
    </p>
   </div>
   <div class='ocr_carea' id='block_1_8' title="bbox 41 3411 1070 3552">
    <p class='ocr_par' dir='ltr' id='par_1_12' title="bbox 41 3411 1070 3552">
     <span class='ocr_line' id='line_1_29' title="bbox 128 3411 1070 3482; baseline 0.001 -17"><span class='ocrx_word' id='word_1_196' title='bbox 128 3413 161 3465; x_wconf 89' lang='lat' dir='ltr'>In</span> <span class='ocrx_word' id='word_1_197' title='bbox 184 3412 229 3482; x_wconf 79' lang='lat' dir='ltr'>fig.</span> <span class='ocrx_word' id='word_1_198' title='bbox 250 3411 310 3466; x_wconf 85' lang='lat' dir='ltr'>cod.</span> <span class='ocrx_word' id='word_1_199' title='bbox 330 3412 349 3465; x_wconf 94' lang='lat' dir='ltr'>b</span> <span class='ocrx_word' id='word_1_200' title='bbox 372 3411 486 3466; x_wconf 88' lang='lat' dir='ltr'>litterae</span> <span class='ocrx_word' id='word_1_201' title='bbox 505 3418 527 3466; x_wconf 83' lang='lat' dir='ltr'><em>A</em></span> <span class='ocrx_word' id='word_1_202' title='bbox 551 3414 579 3466; x_wconf 90' lang='lat' dir='ltr'>et</span> <span class='ocrx_word' id='word_1_203' title='bbox 598 3416 632 3479; x_wconf 87' lang='grc' dir='ltr'>Β,</span> <span class='ocrx_word' id='word_1_204' title='bbox 658 3414 683 3464; x_wconf 90' lang='grc' dir='ltr'><strong>Ε</strong></span> <span class='ocrx_word' id='word_1_205' title='bbox 702 3412 731 3464; x_wconf 89' lang='lat' dir='ltr'>et</span> <span class='ocrx_word' id='word_1_206' title='bbox 752 3415 773 3464; x_wconf 92' lang='lat' dir='ltr'>Z</span> <span class='ocrx_word' id='word_1_207' title='bbox 795 3412 972 3479; x_wconf 87' lang='lat' dir='ltr'>permutatae</span> <span class='ocrx_word' id='word_1_208' title='bbox 992 3415 1070 3479; x_wconf 84' lang='lat' dir='ltr'>sunt;</span> 
     </span>
     <span class='ocr_line' id='line_1_30' title="bbox 41 3483 637 3552; baseline -0.005 -13"><span class='ocrx_word' id='word_1_209' title='bbox 41 3485 164 3541; x_wconf 76' lang='lat' dir='ltr'>rectam</span> <span class='ocrx_word' id='word_1_210' title='bbox 182 3488 232 3537; x_wconf 83' lang='lat' dir='ltr'>AB</span> <span class='ocrx_word' id='word_1_211' title='bbox 252 3500 304 3538; x_wconf 90' lang='lat' dir='ltr'>om.</span> <span class='ocrx_word' id='word_1_212' title='bbox 324 3483 448 3552; x_wconf 84' lang='lat' dir='ltr'>PVat.v‚</span> <span class='ocrx_word' id='word_1_213' title='bbox 471 3489 518 3537; x_wconf 84' lang='grc' dir='ltr'>ΖΑ</span> <span class='ocrx_word' id='word_1_214' title='bbox 538 3501 590 3538; x_wconf 89' lang='lat' dir='ltr'>om.</span> <span class='ocrx_word' id='word_1_215' title='bbox 610 3483 637 3536; x_wconf 93' lang='lat' dir='ltr'>b.</span> 
     </span>
    </p>
   </div>
   <div class='ocr_carea' id='block_1_9' title="bbox 0 0 1204 3840">
    <p class='ocr_par' dir='ltr' id='par_1_13' title="bbox 0 0 1204 3840">
     <span class='ocr_line' id='line_1_31' title="bbox 0 0 1204 3840; baseline 0 0"><span class='ocrx_word' id='word_1_216' title='bbox 0 0 1204 3840; x_wconf 95' lang='lat' dir='ltr'> </span> 
     </span>
    </p>
   </div>
  </div>
 </body>
</html>
