2400 3840
544 126 650 180 nim.
1062 126 1105 190 17

86 291 126 334 se
154 268 315 334 rationem
342 267 485 333 habeant
512 269 623 335 datam
649 273 682 354 et
710 270 840 334 eaedem
863 270 1104 356 magnitudines

90 380 133 459 A,
151 377 190 458 B,
209 376 242 438 Γ
264 373 306 438 ad
333 372 412 438 aliae
440 375 596 457 quasdam
619 374 860 461 magnitudines
883 381 925 459 A,
942 381 981 461 E,
1001 380 1028 440 Z
1055 399 1106 441 ra·

84 480 198 546 tiones
224 478 368 544 habeant
395 480 502 565 datas,
529 480 586 545 sed
612 502 680 546 non
706 481 843 545 easdem.
890 481 976 566 dieo,
1003 482 1103 546 etiam

89 585 332 670 magnitudines
355 591 398 670 A,
415 590 455 671 E,
478 591 506 650 Z
533 586 619 651 inter
642 608 676 652 se
698 586 809 652 datam
831 587 992 652 rationem
1014 587 1108 652 habi-

86 697 182 756 turas
206 712 285 756 esse.

157 820 234 864 nam
258 797 412 881 quoniam
434 797 520 862 ratio
544 804 576 863 A
590 822 598 862 :
612 804 640 862 Β
664 799 742 863 data
764 803 814 864 est
838 803 871 864 et
893 798 978 863 ratio
1002 805 1035 863 A
1049 823 1056 862 :
1071 804 1105 863 A

83 904 169 969 data
201 907 264 987 est,
297 903 396 969 etiam
428 903 513 969 ratio
541 910 574 968 A
588 908 638 968 :B
672 905 747 969 data
779 904 842 969 en't
869 905 974 990 [prop.
997 903 1104 988 vnn.

856 1032 970 1076 uerum
1019 1011 1104 1076 ratio

855 1121 945 1181 ΒεΕ
957 1117 1034 1182 data
1046 1122 1105 1182 est.

856 1244 955 1306 quare
1005 1223 1106 1288 etiam

855 1328 939 1392 ratio
989 1335 1052 1393 A:
1076 1334 1108 1394 Ε

85 1435 170 1498 data
192 1438 243 1498 eet
267 1432 382 1518 [ibid.].
423 1455 536 1498 rursus
559 1435 713 1518 quoniam
734 1435 820 1500 ratio
839 1438 938 1499 ΒεΓ
956 1435 1032 1500 data
1055 1440 1106 1499 est

87 1545 128 1604 et
142 1541 228 1605 ratio
243 1543 332 1605 ΒιΕ
349 1540 425 1604 data
439 1543 499 1625 est,
517 1539 615 1605 etiam
629 1541 714 1605 ratio
729 1546 775 1605 E:
787 1543 819 1604 Γ
833 1540 908 1604 data
927 1543 976 1604 est
991 1540 1106 1625 [ibid.].

89 1667 208 1710 uerum
230 1645 315 1710 ratio
340 1649 433 1710 ΓεΖ
456 1645 532 1710 data
556 1651 614 1711 est.
661 1668 759 1730 quare
783 1646 882 1710 etiam
904 1645 988 1709 ratio
1011 1649 1043 1709 Ε
1055 1650 1107 1710 :Z

85 1751 169 1816 data
192 1756 243 1816 est
266 1750 382 1837 [ibid.].
428 1773 505 1837 ergo
528 1751 768 1836 magnitudines
791 1757 834 1835 A,
852 1755 890 1833 E,
910 1754 937 1813 Z
962 1750 1048 1815 inter
1072 1773 1106 1814 se

88 1857 256 1923 rationem
278 1857 401 1922 habent
424 1857 543 1923 datam.

85 1075 148 1123 Α-

87 1180 284 1229 13—---

88 1285 210 1335 Γ...-

162 2173 198 2239 si
225 2175 430 2261 magnitude,
462 2179 649 2258 comparata
681 2196 755 2238 eum
785 2172 849 2238 alia
875 2171 1109 2259 magnitudine,

87 2283 171 2346 data
194 2280 299 2358 maior
318 2284 378 2366 est,
401 2302 498 2364 quam
516 2280 551 2345 in
569 2281 704 2364 ratione,
728 2279 827 2345 etiam
845 2282 983 2364 utraque
1001 2278 1109 2364 simul,

87 2410 171 2453 eum
184 2386 297 2452 eadem
311 2391 509 2471 comparata,
522 2387 599 2451 data
612 2386 716 2451 maior
730 2386 792 2450 erit
807 2407 904 2469 quam
918 2386 953 2449 in
966 2384 1109 2471 ratione,

90 2498 131 2559 et
159 2494 188 2558 si
215 2497 353 2575 utraque
381 2492 491 2577 simul,
522 2514 596 2558 eum
628 2492 740 2557 eadem
768 2490 991 2577 magnitudine
1024 2513 1109 2556 eom-

88 2602 226 2684 parata,
252 2598 329 2663 data
355 2598 460 2663 maior
487 2602 550 2681 est,
578 2619 675 2682 quam
700 2596 735 2661 in
757 2595 901 2682 ratione,
929 2598 1028 2662 etiam
1053 2601 1109 2662 aut

91 2704 236 2788 reliqua,
258 2725 332 2768 eum
355 2704 466 2768 eadem
490 2708 691 2788 comparata,
713 2703 789 2767 data
812 2702 916 2767 maior
939 2708 988 2768 est
1011 2724 1110 2787 quam

91 2811 131 2875 in
152 2809 280 2875 ratione
304 2813 361 2873 aut
383 2809 508 2893 reliqua
531 2831 605 2874 eum
628 2808 789 2893 sequenti,
816 2809 857 2873 ad
885 2829 983 2892 quam
1007 2808 1110 2874 altera

93 2915 258 2981 rationem
281 2913 380 2978 habet
403 2916 523 3001 datam,
546 2915 622 2981 data
645 2919 704 2978 est.

163 3021 354 3106 magnitudo
379 3020 466 3085 enim
483 3025 560 3105 AB,
582 3024 770 3103 comparata
792 3041 866 3084 eum
885 3018 1111 3105 magnitudine

90 3130 169 3212 ΒΓ,
201 3127 278 3192 data
305 3127 410 3192 maior
439 3126 483 3192 sit
511 3149 607 3211 quam
640 3126 675 3189 in
704 3125 838 3190 ratione.
894 3123 979 3207 dieo,
1011 3123 1111 3189 etiam

950 3283 1111 3294 ——-———..-

132 3390 163 3479 ἢ]
183 3406 237 3444 om.
255 3390 320 3444 Vat.
388 3386 566 3460 1111011111.
640 3352 1011 3458 1ο.ἐστιν]ᾖ1,ἔσταιβ.
1067 3390 1112 3439 21.

90 3479 167 3530 μετα
185 3469 235 3515 τοῦ
255 3459 328 3531 ἑξῆς]
348 3457 415 3528 μεθ’
433 3456 466 3514 οὗ
484 3461 509 3530 β.

152 3559 305 3613 Eucliden,
319 3559 369 3599 edd.
383 3558 486 3610 Heiberg
500 3560 522 3598 et
535 3559 623 3608 Menge.
644 3558 683 3599 VI.
934 3551 952 3598 ‘d
