2400 3840
65 150 104 205 VI
463 151 673 204 PRAEFATIO.

65 301 163 381 atque
191 319 230 360 ex
252 296 309 359 illa
331 295 490 360 librorum
517 294 835 378 manuscriptorum
865 294 1073 360 multitudine

64 404 159 468 facile
188 402 269 466 mihi
296 402 442 487 persuasi
470 402 505 464 in
531 400 645 485 primis
675 423 731 465 sex
753 400 930 485 plurimum
952 401 1073 467 habere

64 509 225 593 ponderis.
271 513 348 574 sunt
372 513 481 574 autem
503 507 551 571 hi:

109 615 191 678 P==
207 617 275 682 cod.
295 615 400 682 Uatic.
424 613 478 679 Gr.
500 615 563 679 190
586 614 751 699 Peyrardi,
773 615 906 679 membr.
930 638 1012 680 saec.
1034 616 1073 701 X,

148 725 274 789 duobus
285 727 437 788 constans
447 720 677 806 uoluminibus,
691 721 803 806 dequo
815 720 1073 806 u.uol.Ip.VIII

148 836 181 895 et
204 831 268 894 uol.
287 829 318 894 V
338 853 369 914 p.
388 827 498 892 XXIV
512 850 572 913 sq.;
595 833 723 913 praeter
746 828 931 913 Elementa,
954 829 1073 894 Marini

148 936 414 1001 commentarium
429 932 507 1022 (uol.
517 935 550 1000 Π
559 935 615 1000 fol.
624 932 815 1022 248-249),
830 936 916 1001 Data
926 933 995 1022 (fol.
1007 937 1073 1003 250

146 1040 261 1129 -281)
277 1043 421 1107 continet
435 1042 576 1106 Theonis
595 1041 772 1126 ὑπόμνημα
791 1045 838 1119 είς
854 1045 932 1119 τοὺς
945 1047 1073 1128 προχεί-

146 1173 226 1235 ρους
234 1153 378 1225 κανόνας
387 1152 605 1233 Πτολεμαίου.
625 1149 663 1213 de
674 1153 780 1214 aetate
791 1149 959 1234 archetypi
969 1151 1071 1217 totius

146 1256 265 1322 codicis
283 1261 339 1322 aut
355 1256 424 1321 eius
443 1256 559 1340 partis,
581 1278 645 1341 qua
658 1255 799 1321 Theonis
820 1259 1071 1323 commentarius

145 1365 343 1449 continetur,
380 1362 537 1449 singulari
567 1362 764 1428 liberalitate
796 1386 833 1428 ae
869 1364 1071 1450 benignitate

144 1494 195 1535 me
217 1471 345 1537 edocuit
363 1469 568 1534 Hermannus
586 1468 719 1534 Usener.
756 1470 792 1533 in
814 1471 961 1555 margine
985 1472 1070 1536 enim

144 1577 288 1642 f01.298¹²
303 1578 343 1641 ad
353 1576 493 1641 Theonis
504 1576 604 1640 uerba
614 1577 694 1640 ὅταν
704 1575 722 1641 ὁ
732 1588 799 1640 τῶν
811 1579 1071 1662 τετραετηρίὸων

143 1685 300 1770 μερισμὸς
322 1694 425 1770 τριῶν
447 1683 531 1747 ἐτῶν
553 1685 730 1769 καταλείπῃ
753 1683 805 1747 uir
827 1705 972 1749 summus
991 1685 1071 1752 haec

143 1790 286 1875 repperit
309 1791 443 1876 scripta:
474 1791 518 1867 ὡς
540 1799 605 1855 νῦν
629 1789 751 1874 συνέβη
775 1788 828 1855 ἐπὶ
851 1773 896 1878 (i)
920 1801 979 1856 τοῦ
1003 1779 1071 1877 (ιο-11

142 1903 386 1981 Λιοκλητιανοῠ
401 1893 666 1984 (ὃιοιιλιτιανοῦ),
680 1895 850 1963 τουτέστιν
864 1895 992 1984 ἕπ1(ε”)
1008 1909 1069 1963 τοῦ

141 1991 315 2083 ὧῦἔτονς
325 2002 422 2091 (boue
436 2002 528 2090 τοὺς)
540 2005 623 2070 κατὰ
635 2001 812 2087 Ἀπάμειαν
822 2001 997 2092 (ἀταμιαν)
1008 2007 1069 2089 τὴν

141 2110 219 2178 καθ’
236 2113 327 2196 ἡμᾶς.
365 2134 438 2176 cum
462 2114 571 2176 autem
594 2109 766 2196 Apameae,
790 2113 824 2176 in
847 2112 926 2176 urbe
948 2109 1069 2198 Syriae,

141 2218 215 2282 anni
234 2222 480 2283 numerarentur
499 2217 540 2281 ad
554 2239 662 2282 aeram
680 2239 776 2302 quam
795 2223 913 2283 uocant
932 2217 1070 2284 Seleuci·

143 2325 264 2409 darum,
288 2324 436 2407 efficitur,
462 2323 673 2408 archetypum
697 2323 817 2390 codicis
840 2324 867 2389 P
891 2329 947 2390 aut
964 2326 1069 2410 partis

142 2431 210 2495 eius
240 2430 424 2496 Theoninae
458 2453 484 2494 a.
512 2430 579 2496 462
611 2454 641 2515 p.
671 2429 759 2516 Chr,
796 2432 851 2516 qui
889 2436 938 2496 est
976 2455 1068 2497 aerae

142 2537 339 2602 Diocletiani
363 2559 465 2603 annus
496 2538 573 2623 179,
605 2537 640 2601 in
667 2538 728 2603 hac
755 2539 835 2603 urbe
868 2539 908 2603 ab
937 2539 1068 2604 homine

141 2667 207 2709 non
228 2645 359 2710 indocto
383 2645 503 2710 lectum
526 2665 605 2708 esse.

55 2751 130 2817 Vat.
144 2783 184 2804 =
201 2752 268 2817 cod.
286 2750 392 2817 Uatic.
412 2749 466 2815 Gr.
486 2753 560 2834 204,
584 2752 718 2817 membr.
738 2774 819 2817 saec.
838 2751 877 2835 X,
902 2752 992 2816 cuius
1017 2752 1068 2816 de-

142 2858 350 2941 scriptionem
361 2857 432 2922 dedi
440 2856 531 2922 Neue
538 2857 560 2922 J
562 2858 650 2922 ahrb.
659 2858 681 2922 f.
689 2858 806 2923 Philol.
817 2859 901 2924 1886
912 2881 942 2942 p.
951 2860 1013 2924 183
1021 2881 1066 2942 sq.

141 2965 228 3030 Data
241 2964 340 3030 habet
355 2964 409 3029 fol.
423 2964 614 3050 1720-194,
628 2964 791 3031 Marinum
801 2965 857 3029 fol.
869 2966 1067 3030 1951—1971.

140 3072 302 3156 permulta
318 3075 463 3137 correcta
482 3075 558 3136 sunt
571 3095 671 3137 manu
685 3094 766 3137 saec.
780 3071 843 3136 XV
862 3069 951 3158 (Vat.
966 3095 1007 3135 m.
1023 3070 1068 3158 2),

142 3179 233 3244 cuius
253 3178 446 3264 scripturam
460 3178 589 3262 plenam
608 3178 644 3243 in
657 3179 896 3265 prolegomenis
917 3178 1068 3243 adferam.

107 3309 128 3349 v
144 3317 185 3339 =
201 3285 269 3350 cod.
283 3284 388 3350 Uatic.
405 3283 459 3350 Gr.
477 3285 571 3369 1038,
590 3286 723 3349 membr.
739 3307 819 3349 saec.
834 3283 922 3370 XIII,
945 3286 983 3349 de
1003 3307 1067 3369 quo

141 3414 171 3455 u.
190 3391 253 3457 uol.
268 3390 298 3455 V
316 3414 345 3476 p.
361 3390 448 3475 Vsq.
481 3390 568 3455 Data
586 3391 685 3456 habet
702 3391 757 3456 fol.
776 3392 965 3456 ime-129
990 3393 1068 3456 dua-

141 3499 201 3562 bus
213 3497 362 3563 manibus
374 3519 397 3562 s.
405 3496 467 3561 XV
475 3502 628 3588 correcta,
640 3497 802 3562 Marinum
811 3497 866 3563 fol.
877 3501 994 3564 113-1
1003 3501 1067 3564 14¹².
