2400 3840
479 132 670 188 APPENDIX.
927 219 931 228 Ι
1015 135 1079 200 195
1173 135 1181 149 ’

64 276 173 338 rectae
192 276 256 337 ΒΔ
262 276 295 337 Γ
315 273 477 357 positione
506 276 599 339 datae
622 276 777 360 parallelo
799 279 896 344 ducta
919 283 969 344 est
991 285 1080 345 recta

63 377 152 442 lineo
170 383 233 443 EA
239 384 275 464 Z,
296 383 360 443 ΕΑ
367 384 394 443 Ζ
416 379 579 464 positione
603 382 678 446 date
701 383 762 447 erit
786 384 890 469 [prop.
909 384 1078 470 XXVIIH.

524 535 529 542 .
591 491 623 550 et
656 489 810 571 quoniam
840 490 996 575 parallelo
1028 496 1079 557 est

65 608 91 658 Ε
260 575 282 628 Α
518 575 539 623 z
593 597 691 658 ΕΑΖ
717 600 824 659 rectae
847 600 954 681 ΒΔΓ,
986 602 1019 662 et
1043 598 1079 663 in

384 768 390 777 ,
588 721 642 763 eas
665 699 780 766 incidit
803 707 882 788 ΔΑ,
905 703 967 766 erit

587 810 729 881 [ΕΑΔ
744 837 785 858 =
800 811 909 873 ΑΔΓ
935 808 984 894 [1,
1007 809 1077 896 29].

63 918 215 1011 ΒἾ
520 964 546 1014 Γ
588 933 701 976 uerum
726 918 876 988 [ΑΔΓ
900 915 994 979 datus
1019 918 1077 978 est.

541 1073 543 1076 ,
586 1016 697 1102 itaque
712 1019 811 1083 etiam
829 1025 967 1096 [ΕΑΔ
983 1021 1077 1085 datus

62 1123 114 1205 est
133 1118 209 1203 [def.
230 1118 272 1202 1].
311 1120 377 1184 iam
401 1121 554 1204 quoniam
577 1124 618 1187 ad
640 1129 763 1189 reotam
785 1126 948 1209 positione
968 1128 1096 1206 datam,

60 1229 125 1288 EA
132 1228 159 1287 Z
183 1229 215 1288 et
238 1225 350 1290 datum
372 1231 530 1311 punctum
552 1229 588 1292 in
610 1251 648 1294 ee
666 1231 810 1315 positum
828 1237 861 1296 A
883 1238 972 1298 recta
990 1234 1076 1307 linea
1139 1303 1142 1307 ,

62 1331 162 1394 ducta
189 1334 239 1395 est
267 1337 333 1396 ΑΔ
361 1333 473 1398 datum
501 1334 645 1401 efficiens
675 1337 830 1424 angilum
857 1344 976 1423 ΕΑΔ,
1004 1344 1076 1403 ΑΔ
1098 1422 1102 1429 .

58 1435 223 1519 positione
247 1437 323 1502 date
347 1437 409 1502 erit
432 1442 536 1524 [prop.
555 1438 687 1525 XXIX}

420 1791 472 1855 Ad
494 1687 586 1877 profpii
609 1792 711 1858 XXX.

498 1915 635 1981 Aliter.

119 2025 281 2100 'sumatur
308 2036 344 2099 in
366 2041 455 2101 recta
477 2042 546 2103 ΒΕ
567 2041 680 2104 datum
707 2045 865 2125 punctum
888 2047 931 2127 Ε,
960 2045 993 2106 et
1014 2065 1072 2126 per

57 2146 219 2226 punctum
241 2147 273 2206 E
294 2145 401 2207 rectae
420 2147 487 2206 ΑΔ
513 2145 669 2229 parallelo
692 2147 828 2210 dueatur
850 2152 914 2211 ΕΖ
943 2148 981 2233 [L
1005 2149 1072 2229 31].

496 2252 651 2335 quoniam
664 2251 819 2337 parallelo
829 2257 879 2318 est
890 2257 955 2318 ΖΕ
966 2257 1072 2318 reetee

121 2335 146 2382 Z
276 2333 323 2542 ἵ
495 2363 575 2443 ΑΔ,
607 2362 640 2422 et
671 2359 707 2422 in
734 2380 788 2423 ees
816 2358 931 2424 incidit
963 2364 1073 2446 BEA,

336 2503 341 2512 -
496 2465 558 2528 erit
589 2469 908 2540 LGA=AAr
940 2463 982 2554 [[,
1005 2465 1073 2552 29].

320 2545 356 2700 Χ
495 2592 610 2634 uerum
633 2575 775 2647 [ΑΔΓ
791 2573 967 2638 datusest.
1012 2573 1072 2638 iter
1152 2632 1156 2641 .

62 2659 97 2735 B
361 2686 455 2734 *F
497 2697 558 2760 que
592 2677 690 2740 etiam
722 2682 866 2753 [ΖΕΓ
894 2680 988 2744 datus
1022 2684 1072 2744 est

214 2721 246 2772 E
336 2717 363 2770 Δ

496 2781 571 2866 [def.
584 2781 627 2865 1].
649 2782 716 2853 iam
728 2783 881 2867 quoniam
895 2786 936 2849 ad
949 2790 1072 2850 rectam
1186 2804 1188 2809 ·

55 2886 220 2972 positione
250 2887 360 2952 datam
388 2892 456 2953 ΒΓ
483 2891 516 2952 et
547 2888 660 2951 datum
687 2893 844 2971 punctum
868 2889 904 2952 in
927 2912 965 2953 eo
986 2889 1071 2973 posi-

55 2998 128 3058 tum
146 2997 178 3057 Ε
197 2998 286 3059 reeta
304 2994 390 3058 linea
409 2995 506 3058 dueta
525 2997 575 3058 est
593 2997 658 3057 ΕΖ
679 2994 790 3057 datum
809 2994 952 3058 efficiens
972 3015 1072 3079 ongu-

54 3101 124 3164 ium
145 3102 248 3185 ZEI}
271 3104 335 3165 ΕΖ
358 3098 521 3187 positione
545 3101 620 3164 data
639 3098 701 3163 erit
720 3102 823 3184 [prop.
842 3098 974 3181 XXIX}
1003 3099 1070 3163 iem

55 3205 210 3290 quoniam
227 3228 285 3290 per
304 3206 417 3271 datum
434 3211 592 3291 punctum
611 3210 643 3269 A
666 3207 772 3269 rectae
791 3205 953 3288 positione
976 3206 1069 3269 datae

125 3467 185 3537 nig.
205 3467 254 3523 alt.
275 3484 328 3524 om.
350 3484 375 3523 a.

755 3626 758 3631 .
852 3555 904 3607 13*
