2400 3840
128 155 191 220 158
495 224 498 232 ¹
530 157 735 210 Δωιοιιιιαι.

125 301 219 384 ἤχθω
248 298 312 364 ἀπὸ
340 308 400 363 τοῦ
423 303 463 362 Η
486 309 525 384 τῇ
551 303 623 363 ΖΗ
645 301 728 385 πρὸς
755 299 862 386 ὀρθὰς
885 300 905 382 ἡ
928 304 1014 364 ΗΚ·
1048 299 1143 367 θέσει

125 407 189 490 ἄρα
209 403 299 470 ἐστὶν
318 404 338 488 ἡ
357 408 439 469 ΗΚ.
480 403 535 469 καὶ
558 407 762 490 πεποιήσθω,
786 407 830 482 ὡς
853 406 873 488 ἡ
892 411 921 470 Β
928 410 961 471 Γ
977 409 1062 491 πρὸς
1080 411 1143 491 τὴν

126 515 202 594 ΑΒ,
226 511 331 588 οὕτως
354 510 374 593 ἡ
400 515 472 576 ΖΗ
494 512 578 597 πρὸς
602 512 663 595 τὴν
686 514 767 576 ΗΚ.
814 514 912 593 λόγος
936 508 972 575 δὲ
996 521 1054 595 τῆς
1078 518 1148 579 ΒΓ

124 618 208 702 πρὸς
235 618 296 700 τὴν
320 621 388 681 ΑΕ
414 617 543 692 δοθείς·
576 619 674 699 λόγος
701 619 766 702 ἄρα
792 615 848 681 καὶ
875 626 933 700 τῆς
958 622 1030 683 ΖΗ
1038 620 1142 704 ,πρὸς

88 724 185 806 οτὴν
219 726 296 786 ΗΚ
324 724 451 799 δοθείς·
488 724 629 787 δοθεῖσα
662 720 698 787 δὲ
730 722 751 805 ἡ
781 727 863 797 ΖΗ·
902 724 1042 788 δοθεῖσα
1075 727 1140 811 ἄρα

64 877 65 881 ,
123 827 178 893 καὶ
201 827 321 910 ἡΗΚ.
359 828 442 893 ἀλλὰ
465 827 520 893 καὶ
543 839 582 914 τῇ
606 827 712 893 θέσει·
735 832 794 894 καί
814 828 883 895 ε’στι
907 827 1012 895 δοθὲν
1034 833 1071 896 τὸ
1090 836 1139 895 Η·

123 930 228 999 δοθὲν
251 935 315 1020 ἄρα
338 932 453 999 καὶτὸ
477 938 516 998 Κ.
563 935 657 1018 ἤχθω
682 934 739 998 διὰ
761 943 821 999 τοῦ
845 938 880 998 Κ
901 945 940 1021 τῇ
966 941 1039 1000 ΖΗ
1056 959 1140 1023 παρ-

124 1041 263 1122 άλληλος
285 1039 306 1122 ἡ
330 1043 410 1103 ΚΘ·
432 1038 527 1104 θέσει
551 1041 615 1124 ἄρα
639 1038 729 1105 ἐστὶν
751 1040 772 1123 ἡ
798 1044 875 1104 ΘΚ·
905 1040 1000 1106 θέσει
1023 1040 1060 1107 δὲ
1083 1043 1139 1108 καὶ

122 1147 159 1209 τὸ
185 1148 294 1209 ΖΘΗ
312 1152 434 1228 τμῆμα·
458 1141 562 1210 δοθὲν
581 1147 645 1230 ἄρα
669 1143 738 1209 ἐστὶ
761 1148 797 1210 τὸ
824 1150 853 1210 Θ
876 1159 1020 1232 σημεῖον.
1068 1148 1139 1213 ἐπε-

72 1261 106 1309 10
126 1252 317 1334 ζεύχθωσαν
340 1251 378 1314 αῖ
395 1254 468 1333 ΖΘ,
481 1255 558 1333 ΘΗ,
581 1248 637 1315 καὶ
659 1252 754 1335 ἤχθω
777 1253 920 1330 κάθετος
941 1254 962 1337 ἡ
984 1258 1058 1319 ΘΛ·
1083 1256 1139 1320 δο-

122 1362 221 1420 θεῖσα
254 1357 318 1441 &ipa
348 1354 438 1420 ἐστὶν
465 1356 486 1439 ἡ
516 1360 585 1420 ΘΛ.
632 1359 701 1422 ἔστι
729 1354 766 1422 δὲ
793 1357 848 1423 καὶ
876 1361 914 1423 ιδ
945 1364 973 1423 Θ
1001 1373 1139 1445 σημεῖον

123 1459 242 1545 δοθέν,
272 1458 327 1524 καὶ
355 1459 510 1547 ἑκάτερον
536 1472 604 1527 τῶν
621 1467 671 1546 Ζ,
690 1467 740 1526 Η·
774 1461 906 1528 δέδοται
930 1465 995 1549 ἄρα
1018 1463 1138 1550 ἑκάστη

122 1579 189 1631 τῶν
216 1572 288 1650 ΘΖ,
309 1571 387 1650 ΖΗ,
408 1572 481 1633 ΘΗ
500 1577 539 1654 τῇ
563 1567 657 1633 θέσει
679 1568 734 1633 καὶ
758 1579 804 1656 τῷ
827 1568 974 1654 μεγέθει·
1003 1569 1139 1636 δέδοται

122 1675 186 1760 ἄρα
209 1675 246 1739 ιδ
272 1679 380 1738 ΖΘΗ
401 1676 567 1760 τρίγωνον
595 1684 641 1763 τῷ
665 1676 754 1740 εῖδει.
795 1673 850 1740 καὶ
875 1675 946 1740 ἐπεί
967 1676 1068 1761 ἐστιν,
1093 1679 1138 1755 ὡς

69 1791 101 1839 15
121 1780 141 1863 ἡ
160 1784 229 1845 ΒΓ
247 1782 331 1866 πρὸς
353 1782 415 1864 νην
433 1786 509 1864 ΑΒ,
534 1781 640 1857 οὕτως
662 1780 682 1863 ἡ
704 1785 776 1846 ΖΗ
793 1782 877 1867 πρὸς
896 1782 957 1864 την
975 1785 1057 1866 ΗΚ,
1082 1790 1135 1867 ἴση

121 1883 158 1951 δὲ
180 1887 201 1970 ἡ
224 1891 300 1951 ΗΚ
319 1896 358 1974 τῇ
384 1891 455 1971 ΘΛ,
479 1890 569 1953 ἔστιν
592 1889 657 1973 ἅμα
680 1887 724 1963 ὡς
746 1886 767 1969 ἡ
787 1890 856 1951 ΒΓ
873 1888 956 1974 πρὸς
978 1890 1040 1971 νην
1060 1894 1136 1973 ΑΕ,

121 1993 226 2070 οὕτως
254 1993 273 2076 ἡ
304 1998 377 2059 ΖΗ
403 1995 486 2081 πρὸς
515 1995 577 2077 τὴν
603 1998 672 2057 ΘΛ.
726 1996 786 2057 καί
811 1991 900 2058 ἐστιν
934 1999 987 2076 ἴση
1020 1993 1040 2076 ἡ
1070 1994 1135 2060 ὑπὸ

120 2111 187 2165 τῶν
211 2103 313 2165 ΒΑΓ
334 2104 439 2183 γωνία
467 2109 506 2185 τῇ
530 2099 595 2163 ὑπὸ
619 2110 686 2164 τῶν
710 2103 829 2162 ΖΘΗ·
865 2100 1043 2181 ἰσογώνιον
1071 2103 1136 2187 ἄρα

121 2204 190 2270 ἐστὶ
212 2208 249 2270 τὸ
273 2210 379 2272 ΑΒΓ
401 2208 567 2291 τρίγωνον
590 2214 635 2292 τῷ
662 2209 769 2268 ΘΖΗ
792 2206 956 2292 τριγώνῳ.
1002 2205 1136 2272 δέδοται

66 2320 101 2368 20
121 2307 157 2375 δὲ
180 2314 217 2376 τὸ
243 2315 351 2375 ΘΖΗ
372 2313 538 2396 τρίγωνον
565 2319 612 2397 τῷ
640 2311 734 2375 εῖδει·
768 2309 902 2375 δέδοται
925 2312 990 2398 ἄρα
1017 2311 1074 2378 καὶ
1096 2314 1134 2378 τὸ

119 2420 226 2481 ΑΒΓ
243 2421 408 2500 τρίγωνον
431 2426 476 2503 τῷ
500 2418 591 2481 εῖδει.

592 2632 661 2675 πα.

183 2729 260 2796 Ἐὰν
283 2743 370 2818 τρεῖς
393 2732 523 2797 εὐθεῖαι
547 2732 712 2816 ἀνάλογον
735 2729 833 2800 οὖσαι
854 2732 965 2820 τρισὶν
983 2735 1133 2814 εὐθείαις

118 2836 285 2921 ἀνάλογον
308 2839 424 2915 οὔσαις
446 2840 504 2916 τὰς
528 2841 630 2925 ἄκρας
653 2839 689 2905 έν
708 2838 874 2926 δεδομένῳ
894 2843 982 2928 λόγω
1002 2844 1133 2927 ἔχωσιν,

64 2954 98 3003 25
117 2943 173 3009 καὶ
196 2946 254 3021 τὰς
276 2943 377 3029 μέσας
404 2944 440 3011 έν
463 2944 630 3033 δεδομένῳ
655 2949 741 3034 λόγῳ
770 2944 915 3024 ἕξουσιν·
948 2945 1005 3012 καὶ
1028 2947 1087 3014 έδν
1111 2949 1131 3032 ἡ

117 3053 202 3136 ἄκρα
220 3053 303 3136 πρὸς
320 3053 382 3135 τὴν
400 3053 507 3137 ἄκραν
525 3055 626 3134 λόγον
644 3054 701 3136 ἔχη
721 3051 912 3137 δεδομένον,
936 3051 992 3118 καὶ
1010 3053 1031 3136 ἡ
1049 3052 1132 3138 μέση

184 3161 330 3278 ΓΒΚ]-
338 3210 396 3262 ΗΘ
419 3207 450 3276 b,
480 3210 509 3262 et
536 3207 575 3260 sic
604 3206 706 3261 deinde
733 3223 783 3277 per
810 3210 902 3262 totam
928 3225 1007 3278 prop.
1030 3227 1082 3279 pro
1106 3215 1135 3264 K

116 3278 181 3332 hab.
203 3281 235 3346 Θ,
257 3295 307 3348 pro
328 3281 353 3333 Θ
372 3281 508 3370 εοῖοιμΙ,
579 3283 606 3338 ,5.
626 3275 725 3340 δοθείς
745 3285 821 3366 -Ιθ,
843 3280 991 3403 ΗΚχοιο.
1011 3280 1038 3334 b.
1108 3286 1131 3336 ⁷.

119 3350 199 3471 ΖΗχ)
211 3352 271 3404 ΘΗ
287 3349 314 3402 b.
379 3353 403 3402 8.
423 3350 471 3420 δε]
490 3348 546 3417 ἂρα
565 3349 592 3403 b.
658 3355 698 3403 12.
719 3349 820 3420 δοθεν]
841 3367 894 3404 om.
935 3393 941 3404 .
1004 3356 1046 3405 16.
1069 3353 1131 3422 ΘΛ]

117 3424 164 3471 ιιι
201 3419 425 3486 ‚itemlin.1⁷.
500 3425 541 3474 18.
562 3418 629 3491 ἄρα]
649 3437 702 3475 om.
722 3420 748 3474 b.
824 3427 865 3475 19.
888 3422 1131 3492 οιιιμιιιο.

152 3486 266 3543 δέδοται
286 3523 318 3529 -
338 3495 380 3543 20.
402 3489 482 3561 εῖδει]
503 3507 555 3546 om.
576 3491 603 3545 b.
695 3497 736 3546 21.
760 3493 860 3563 ΑΒΓ]
879 3492 979 3546 ΑΓΡ.
1066 3493 1131 3560 Seq.
