2400 3840
420 137 460 189 ru
478 137 647 188 nuomnrs
666 137 770 190 11111.
1034 138 1098 202 237

89 281 124 344 11
147 281 274 344 datum
298 301 367 343 esse
391 283 589 364 statuerunt,
617 281 703 363 quod
725 280 761 344 in
783 280 957 365 hypothesi
986 284 1026 347 ab
1051 306 1099 368 ec,

89 387 144 470 qui
167 385 335 470 proponit,
362 385 542 469 exponitur.
589 385 700 449 dicunt
727 387 827 451 etiam
854 387 917 452 alio
946 391 1042 453 modo
1064 390 1101 452 in

88 492 203 576 primis
236 491 403 556 elementis
435 497 592 576 punctum
624 493 736 556 datum
770 497 803 557 et
832 498 954 580 rectam
982 495 1101 579 datam,

88 599 151 662 hoc
171 602 220 662 est
240 602 531 682 quantamcumque
551 603 672 662 rectam
687 599 759 682 quis
774 600 967 663 determinat
985 606 1018 665 et
1037 603 1100 665 dat.

88 704 168 768 haec
193 708 302 768 autem
326 705 434 768 omnia
458 705 779 788 comprehensionem
802 707 963 789 quandam
985 706 1101 770 uolunt

90 811 282 896 significare.
321 811 531 892 quamobrem
555 833 594 874 611
617 811 859 877 definitionibus
880 813 955 878 illae
973 818 1102 897 praeter

92 921 215 981 ceteras
253 917 448 1001 probantur,
489 921 650 1001 quotquot
692 918 981 1001 comprehensibile
1021 919 1102 983 illud

91 1023 229 1087 maxime
253 1026 505 1107 repraesentant,
528 1028 566 1086 ut
587 1024 870 1109 progredientibus
889 1026 984 1089 nobis
1003 1026 1103 1088 mani-

90 1129 211 1193 festum
234 1129 304 1192 erit.

157 1256 244 1298 nunc
268 1238 377 1299 autem
404 1235 503 1299 etiam
531 1257 656 1319 eorum,
685 1237 741 1319 qui
768 1258 835 1300 non
860 1238 946 1301 nude
974 1233 1102 1300 tantum

94 1345 191 1423 atque
210 1363 275 1404 una
294 1341 401 1425 aliqua
419 1342 551 1405 notione
571 1342 651 1405 dati
670 1347 821 1407 naturam
835 1343 1029 1427 exprimunt,
1048 1343 1103 1406 sed

92 1451 258 1529 tamquam
274 1445 494 1516 definitionem
508 1445 577 1509 eius
594 1446 752 1530 adferunt,
765 1447 910 1510 diuersas
925 1448 1104 1511 sententias

93 1573 298 1635 exponamus.
358 1552 475 1616 horum
508 1573 635 1635 quoque
667 1552 824 1635 rationeS,
856 1552 883 1615 si
917 1552 1104 1616 summatim

94 1664 315 1743 recensentur,
342 1658 436 1723 facile
460 1658 642 1722 enumerari
664 1662 810 1741 possunt.
856 1657 911 1720 alii
935 1658 1105 1722 6111111116-

94 1769 173 1827 tum
199 1764 233 1827 id
261 1787 330 1829 esse
354 1765 561 1849 definierunt,
593 1765 678 1848 quod
707 1763 926 1852 ordinatum
958 1764 1044 1827 idem
1073 1769 1105 1828 et

94 1870 270 1952 parabile
294 1874 357 1954 est,
381 1869 434 1934 alii
458 1869 501 1954 id,
525 1869 611 1952 quod
635 1869 854 1933 ordinatum
875 1869 962 1932 idem
986 1874 1018 1933 et
1041 1891 1106 1933 no·
1155 1855 1158 1858 ⁴

95 1981 188 2061 tum,
221 1976 352 2058 quidam
379 1975 426 2059 id,
458 1976 544 2058 quod
571 1980 704 2039 notum
737 1975 822 2038 idem
855 1979 887 2039 et
919 1975 1105 2059 parabile.

95 2083 247 2146 uidentur
266 2086 374 2145 autem
392 2081 427 2144 hi
447 2103 558 2145 omnes
578 2081 899 2165 comprehensionem
914 2080 983 2145 siue
1000 2103 1106 2165 sump-

97 2189 220 2252 tionem
243 2192 276 2252 et
299 2188 520 2252 inuentionem
544 2188 624 2252 dati
649 2191 833 2270 spectantes
857 2199 908 2271 eo,
938 2209 1001 2270 quo
1025 2187 1106 2251 dixi-

97 2317 177 2377 mus,
200 2295 297 2358 modo
321 2294 462 2358 definire.
498 2293 582 2358 hanc
601 2299 710 2358 autem
729 2293 860 2357 illorum
878 2293 1046 2356 notionem
1069 2297 1106 2357 ut

96 2401 326 2464 conuincamus
345 2404 378 2463 et
394 2422 506 2463 ueram
519 2400 680 2484 propositi
695 2398 917 2464 definitionem
931 2422 970 2463 ex
984 2398 1107 2483 multis,

97 2527 178 2588 quae
202 2505 341 2570 traditae
365 2510 455 2590 sunt,
480 2506 652 2592 eligamuS,
674 2507 815 2590 primum
839 2506 1107 2571 considerandum

99 2615 157 2695 est,
181 2611 259 2694 quid
284 2612 484 2695 significetur
507 2635 699 2695 unaquaque
723 2611 919 2696 simplicium
943 2613 1107 2676 rationum

98 2722 131 2780 et
154 2739 279 2801 earum,
307 2739 389 2799 quae
411 2717 463 2781 his
487 2718 655 2802 oppositae
680 2723 769 2802 sunt,
796 2717 1012 2782 inordinati
1035 2718 1107 2782 dico

98 2827 131 2886 et
153 2824 281 2908 ignoti
305 2828 337 2886 et
365 2845 443 2886 non
464 2822 655 2906 parabilis
684 2827 716 2886 et
742 2823 1006 2906 irrationalis,
1033 2844 1108 2906 qua-

98 2933 193 2992 tenus
218 2931 258 2994 ad
277 2953 358 3014 eam,
380 2931 419 2994 de
442 2952 507 3013 qua
530 2929 648 3014 agitur,
671 2932 819 3012 spectant
843 2928 1011 2992 materiam
1036 2950 1109 3013 geo-

99 3035 275 3100 metricam.
323 3036 443 3100 etenim
470 3035 550 3099 haec
579 3035 678 3099 etiam
712 3035 752 3098 ad
775 3056 826 3097 res
854 3034 1006 3118 physicas
1038 3056 1108 3117 per-

99 3141 204 3205 tinent
228 3146 261 3206 et
285 3143 325 3206 ad
348 3146 471 3206 ceteras
495 3140 683 3224 disciplinas
706 3139 962 3203 mathematicas.

133 3334 175 3404 γε]
194 3331 243 3388 καί
261 3333 325 3388 Vat.
386 3339 427 3388 10.
447 3336 543 3403 ψηλως
560 3332 590 3387 Ρ,
665 3337 706 3386 15.
726 3328 900 3400 ἀφορίσαντο
919 3329 1010 3384 PVat.
1068 3336 1108 3384 16.

96 3401 171 3466 τινὲς
190 3402 220 3458 δὲ
239 3405 270 3459 τὸ
290 3405 440 3476 γνώριμον]
461 3422 513 3458 om.
533 3422 558 3458 v.
600 3463 602 3469 Ι
633 3409 675 3459 24,
695 3403 744 3457 καὶ
763 3401 883 3472 ἀπόρου]
904 3418 956 3454 om.
977 3418 1001 3455 r.
1067 3406 1108 3455 25.

98 3476 146 3545 ὡς]
166 3473 214 3529 καί
232 3477 297 3530 Vat.
