2400 3840
116 166 182 230 332
400 170 583 222 APPEnmx
602 169 847 222 οοΗοταοωοΜ.

115 320 155 397 τῇ
179 336 225 395 αη
249 312 365 400 εὐθείᾳ
388 311 443 377 καὶ
466 322 511 401 τῷ
535 315 618 398 πρὸς
641 313 724 397 αὐτῇ
747 316 870 400 σημείῳ
893 321 939 401 τῷ
958 337 980 376 α
1003 323 1045 400 τῇ
1069 314 1134 380 ὑπὸ

115 419 188 483 εθθ
216 425 270 502 ἴση
293 418 313 502 ἡ
337 419 401 484 ὑπὸ
425 439 510 502 ηακ·
543 421 641 504 λοιπή
669 421 733 504 άρα
757 419 777 502 ή
800 418 867 483 ὑπὸ
890 420 954 498 ὃεζ
983 427 1039 504 ἴση
1065 419 1134 486 ἐστὶ

115 534 155 610 τή
177 526 243 604 ὑπὸ
267 550 345 609 ακη.
391 526 474 591 ἀλλὰ
497 527 539 610 δή
563 529 645 591 ἔστω
669 525 808 610 ἀμβλεῖα
831 526 852 610 ἡ
874 527 940 592 ὑπὸ
965 528 1039 606 δεζ.
1087 528 1134 593 ἐκ·

115 635 296 716 βληθείσης
319 635 383 719 άρα
405 642 463 716 τῆς
482 636 517 711 ζε
540 630 628 710 ὀξεῖα
650 635 740 697 ἔσται
759 633 779 716 ή
797 631 863 696 ὑπὸ
883 634 958 698 δελ.
990 635 1135 712 κάθετος

81 749 97 796 5
116 735 178 805 οὖν
196 741 291 822 ήχθω
310 739 330 822 ἡ
350 741 405 822 θλ,
425 738 481 804 καλ
494 748 534 824 πή
547 740 613 803 ὑπὸ
632 740 678 804 λθ
683 763 698 804 ε
718 745 772 822 ἴση
788 743 914 805 κείσθω
931 739 1032 822 ήὺπὸ
1051 766 1133 825 ηακ.

116 847 214 928 λοιπή
238 848 301 931 άρα
324 844 344 928 ή
368 845 433 910 ὑπὸ
457 847 522 910 δελ
548 851 601 928 ἴση
626 844 694 910 ἐστὶ
717 854 756 930 τῇ
779 845 845 911 ὑπὸ
869 871 949 930 ακη,
973 848 1059 912 ὥστε
1078 847 1133 913 καῖ

115 950 135 1033 ἡ
160 950 277 1036 ἐφεξῆς
299 951 319 1035 ἡ
342 952 407 1018 ὑπὸ
432 954 496 1030 &eg
517 962 556 1036 τῇ
581 951 696 1037 ἐφεξῆς
719 961 758 1037 τή
776 952 842 1018 ὑπὸ
861 977 933 1036 ακγ
956 959 1011 1038 ἴση
1032 953 1134 1020 ε’στίν.

184 1078 235 1141 34.
270 1075 425 1140 Τοντέστι
450 1078 487 1141 τὸ
510 1076 576 1141 ὑπὸ
600 1088 667 1141 τῶν
686 1080 783 1140 ΕΓΒ
805 1100 835 1160 p.
851 1078 928 1163 214,
946 1080 1050 1160 6-7]
1077 1079 1136 1144 ε’άν

116 1184 179 1265 γὰρ
198 1182 313 1247 εὐθεῖα
332 1185 464 1267 γραμμή
484 1190 605 1267 τμηθῇ,
629 1184 673 1258 ὡς
691 1186 816 1266 ἔτυχεν,
838 1185 876 1248 τὸ
894 1184 958 1249 ὑπὸ
978 1194 1037 1268 τῆς
1057 1187 1135 1269 ὅλης

64 1298 98 1346 10
117 1287 172 1352 καλ
196 1286 269 1364 ἑνὸς
291 1299 358 1351 τῶν
380 1288 557 1372 τμημάτων
575 1291 807 1373 περιεχόμενον
826 1290 1040 1376 ὀρθογώνιον
1061 1299 1136 1358 ἴσον

118 1393 186 1459 ἐστὶ
210 1404 255 1482 τῷ
283 1418 318 1458 τε
344 1394 410 1459 ὑπὸ
433 1406 501 1459 τῶν
529 1395 705 1479 τμημάτων
732 1395 786 1460 καὶ
809 1406 854 1485 τῷ
879 1397 942 1462 άπὸ
968 1407 1029 1461 τοῦ
1054 1422 1135 1486 προ-

118 1500 293 1587 ειρημένου
316 1503 520 1590 τετραγώνῳ.

186 1627 238 1692 35.
260 1625 354 1692 Ἴσον
378 1626 446 1691 ἐστὶ
469 1637 515 1714 τῷ
539 1626 602 1691 άπὸ
626 1632 689 1691 ΒΛ
711 1651 742 1711 p.
763 1629 838 1709 214,
863 1630 963 1709 7-8]
988 1628 1047 1694 ἐὰν
1071 1633 1135 1717 γάρ

118 1745 206 1818 τρεῖς
224 1733 353 1797 εὐθεῖαι
372 1733 548 1815 άνάλογον,
566 1735 603 1798 τὸ
622 1734 687 1798 ὑπὸ
705 1734 837 1819 πρώτης
854 1732 910 1798 καὶ
928 1739 1041 1821 τρίτης
1061 1743 1136 1802 ἴσον

65 1846 98 1894 15
119 1838 187 1903 ε’στῖ
210 1849 255 1927 τῷ
280 1838 343 1904 άπὸ
366 1850 424 1923 τής
447 1838 611 1925 δευτέρας.

322 2016 374 2080 Ad
396 2040 487 2100 prop.
511 2016 650 2081 LXVIII
674 2018 848 2082 demonstr,
871 2019 927 2082 alt.

186 2143 237 2206 36.
257 2145 337 2217 Πῶς
351 2142 497 2206 θννατὸν
512 2150 658 2224 ποιήσαι,
673 2141 717 2217 ώς
735 2143 772 2206 τὸ
786 2147 819 2206 A
836 2147 1136 2232 παραλληλόγραμ-

119 2272 184 2331 μον
197 2249 280 2333 πρὸς
293 2249 330 2312 τὸ
345 2251 374 2311 Β
388 2249 741 2333 παραλληλόγραμμον,
756 2249 862 2325 οὕτως
875 2251 936 2332 τήν
950 2253 985 2314 Κ
995 2253 1081 2334 πρὸς
1090 2258 1138 2333 Λ;

119 2357 271 2438 εἰλήφθω
295 2365 362 2418 τῶν
387 2358 456 2438 ΓΛ,
475 2358 538 2418 ΕΖ
562 2357 655 2439 τρίτη
680 2354 855 2438 άνάλογον.
891 2359 981 2421 ἔστιν
1005 2359 1071 2443 άρα
1090 2361 1137 2437 ὡς

66 2459 140 2541 2οή
163 2461 277 2545 πρώτη
299 2461 383 2545 πρὸς
406 2461 467 2543 τήν
489 2463 619 2543 τρίτην,
646 2460 751 2538 οὕτως
773 2463 809 2526 τὸ
834 2462 898 2527 άπὸ
921 2473 979 2546 τῆς
1000 2468 1138 2550 πρώτης

118 2568 201 2651 πρὸς
224 2567 260 2630 τὸ
285 2565 348 2630 άπὸ
372 2576 429 2649 τής
453 2565 609 2651 δευτέρας
632 2568 669 2632 τὸ
694 2569 809 2651 ὅμοιον
831 2567 887 2633 καὶ
910 2570 1032 2654 ὁμοίως
1054 2572 1136 2637 άνα-

118 2675 341 2758 γραφόμενον,
364 2670 418 2736 καὶ
441 2672 559 2736 λοιπὸν
582 2672 627 2747 ώς
651 2672 703 2737 ἐπὶ
727 2675 869 2739 εὐθειῶν
893 2675 1065 2762 γεγονέτω,
1091 2681 1139 2757 ὡς

119 2779 139 2861 ή
162 2780 276 2864 πρώτη
299 2778 383 2863 πρὸς
404 2779 465 2861 τήν
488 2781 613 2863 τρίτην,
638 2778 743 2856 οὕτως
766 2779 785 2863 ἡ
809 2784 844 2845 K
862 2783 946 2868 πρὸς
969 2787 1009 2847 Α.

192 2942 233 2991 34.
253 2935 321 2991 Plv.
396 2941 437 2989 35.
457 2935 502 2990 Pl.
576 2942 617 2990 36.
638 2936 815 3005 Ρλλῑελπρλ,

193 3094 451 3167 1.τή(μῑ,)]τόΡ1.
512 3096 735 3167 2.ηακ]ηεκ1.
791 3103 815 3150 4.
832 3098 991 3169 ζε]θεΡ1.
1044 3099 1135 3175 ἔσται]

122 3168 231 3235 ἔστωρ.
324 3173 347 3220 5.
373 3167 422 3236 θλ]
441 3169 480 3218 αλ
499 3166 543 3220 PI.
634 3169 703 3238 aas]
722 3170 782 3221 αδε
801 3168 847 3222 Pl.
938 3172 1135 3241 ηαα]ηλκ1.

158 3245 180 3292 7.
207 3239 282 3308 ααγ]
305 3258 369 3306 αηγ
393 3237 438 3291 Pl.
537 3245 578 3293 10.
601 3238 762 3309 τμημάτων]
787 3256 839 3295 om.
859 3240 905 3297 Pl.
999 3248 1039 3296 11.
1064 3243 1138 3299 Post

118 3307 321 3377 προειρημένον
344 3308 464 3361 fortasse
484 3324 518 3361 ex
537 3308 571 3363 el.
591 3310 628 3378 Π,
648 3317 664 3362 3
688 3311 849 3365 addendum
867 3311 1014 3381 τμήματος,
1090 3321 1134 3373 18.

118 3380 182 3450 τήν]
207 3397 259 3434 om.
279 3379 373 3446 Vatp.
465 3381 507 3450 Λ]
530 3386 552 3433 Α
575 3379 639 3436 PII.
731 3388 771 3436 19.
799 3385 859 3454 ΓΔ]
883 3400 963 3442 euan.
986 3383 1005 3453 1,
1033 3402 1088 3442 om.
1109 3409 1135 3456 ρ,

155 3451 255 3574 ξξῧὼἓ
268 3452 330 3519 (pr.)
349 3482 382 3490 —
403 3456 445 3504 23.
465 3452 502 3521 Λ]
526 3451 572 3504 hic
592 3469 643 3506 om.
663 3456 690 3522 λ,
715 3454 764 3506 sed
782 3453 871 3508 habet
888 3458 953 3524 post
970 3457 1137 3527 θεωρήματι

114 3539 144 3590 p.
213 3563 220 3590 ,
258 3563 263 3574 .
