2400 3840
135 158 198 222 126
536 151 740 208 uuuouuuu.

132 311 192 367 τοῦ
220 301 285 365 ὑπὸ
313 311 381 365 τῶν
409 301 510 362 ΒΑΓ
537 299 621 383 πρὸς
648 299 684 362 τὸ
712 298 777 363 ὑπὸ
805 310 873 363 τῶν
895 302 993 365 ΕΓΔ
1022 301 1147 378 δοθείς.

132 416 192 471 τοῦ
217 403 254 471 δὲ
276 406 341 470 ὑπὸ
364 416 432 469 των
454 407 555 468 ΒΑΓ
572 405 654 488 πρὸς
677 405 714 468 τὸ
738 408 844 468 ΑΒΓ
860 409 1025 491 τρίγωνον
1049 411 1148 489 λόγος

133 511 202 577 ἐστὶ
226 513 349 595 όοθείς,
373 512 429 575 διὰ
447 511 485 575 τὸ
504 511 665 574 δοθεῖσαν
679 504 769 574 ἐἶναι
788 513 849 594 τὴν
867 511 932 576 ὑπὸ
949 523 1017 577 τῶν
1032 517 1146 579 ΒΑΓ·

132 616 188 682 καὶ
210 626 270 682 τοῦ
293 618 358 682 ὑπὸ
381 628 449 681 τῶν
467 619 570 680 ΔΓΕ
591 618 655 702 όίρα
677 619 761 702 πρὸς
780 619 817 681 τὸ
837 622 942 683 ΑΒΓ
960 622 1058 701 λόγος
1077 618 1147 684 ἐστὶ

98 725 256 799 οθοθείς.
295 726 353 791 καί
374 721 442 787 ἐστι
465 723 502 785 τὸ
525 721 591 787 ὑπὸ
610 725 720 805 ΔΓΕ,
745 715 772 808 ᾧ
794 725 904 806 μεῖζόν
928 723 1057 789 ἔστιτὸ
1081 725 1146 790 ἀπὸ

133 827 386 914 συναμφοτέρου
419 837 478 911 τῆς
505 831 605 892 ΒΑΓ
631 836 691 892 τοῦ
725 826 788 892 ἀπὸ
821 837 879 911 τῆς
907 832 986 892 ΒΓ·
1024 823 1051 916 ᾦ
1081 832 1146 916 ἄρα

132 938 242 1020 μεῖζόν
266 934 334 998 ἐστι
362 934 399 997 τὸ
423 933 486 998 αὐτὸ
511 932 765 1019 συναμφοτέρου
792 942 850 1016 τῆς
873 937 973 998 ΒΑΓ
996 944 1056 999 τοῦ
1080 935 1144 1000 ἀπὸ

132 1051 190 1124 τῆς
217 1044 293 1123 ΒΓ,
326 1038 431 1103 ἐκεῖνο
464 1040 501 1102 τὸ
529 1042 654 1124 χωρίον
679 1041 762 1125 πρὸς
788 1041 825 1104 τὸ
854 1043 1019 1125 τρίγωνον
1045 1044 1147 1124 λόγον

132 1145 195 1224 ἕξει
219 1144 408 1229 δεδομένον.

80 1318 113 1366 10
607 1301 668 1385 ξηί

197 1425 273 1491 Ἐὰν
296 1428 358 1492 δύο
383 1428 541 1509 ἰσογώνια
563 1431 888 1513 παραλληλόγραμμα
914 1429 998 1513 πρὸς
1020 1429 1146 1510 όλλληλα

132 1535 234 1615 λόγον
256 1536 312 1619 ἔχῃ
336 1533 526 1618 δεδομένον,
548 1532 604 1598 καὶ
622 1536 681 1617 μία
699 1534 826 1619 πλευρὰ
848 1534 931 1619 πρὸς
948 1537 1029 1618 μίαν
1047 1539 1145 1598 πλευ-

133 1639 196 1724 ρὰν
223 1641 324 1721 λόγον
351 1642 407 1724 ἔχῃ
435 1638 629 1724 δεδομένον,
660 1637 715 1703 καὶ
742 1639 763 1722 ἡ
791 1641 889 1723 λοιπὴ
912 1640 1039 1724 πλευρὰ
1061 1640 1144 1724 πρὸς

132 1746 193 1828 τὴν
216 1747 336 1828 λοιπὴν
357 1746 506 1832 πλευρὰν
529 1749 629 1828 λόγον
652 1743 715 1823 ἔξει
738 1744 926 1830 δεδομένον.

79 1864 112 1912 15
199 1852 260 1916 δύο
289 1852 351 1937 γὰρ
381 1853 540 1934 ἰσογώνια
566 1855 892 1937 παραλληλόγραμμα
918 1853 958 1916 τὰ
981 1855 1065 1935 ΑΒ,
1085 1855 1145 1916 ΓΛ

131 1959 215 2043 πρὸς
237 1960 362 2040 ἄλληλα
386 1961 486 2041 λόγον
510 1957 606 2042 ἐχέτω
626 1956 816 2042 δεδομένον,
841 1957 937 2042 ἐχέτω
957 1954 995 2022 δὲ
1012 1956 1068 2022 καὶ
1087 1960 1145 2042 μία

131 2065 258 2149 πλευρὰ
280 2066 364 2150 πρὸς
385 2068 466 2149 μίαν
488 2065 636 2150 πλευρὰν
654 2067 755 2146 λόγον
774 2062 965 2148 δεδομένον,
988 2062 1044 2128 καὶ
1062 2067 1144 2129 ἔστω

132 2179 190 2253 τῆς
216 2174 282 2234 ΒΕ
307 2172 390 2256 πρὸς
416 2172 478 2254 τὴν
506 2175 571 2234 ΖΛ
598 2173 697 2251 λόγος
724 2170 850 2246 όοθείς’
883 2167 983 2253 λέγω,
1011 2171 1062 2235 ὅτι
1089 2167 1145 2234 καὶ

132 2286 189 2358 τῆς
212 2281 281 2339 ΑΕ
300 2277 384 2361 πρὸς
401 2277 463 2358 τὴν
487 2280 553 2340 ΖΓ
571 2279 669 2358 λόγος
693 2274 761 2340 ἐστὶ
785 2276 908 2352 θοθείς.

78 2392 113 2440 20
198 2382 464 2466 παραβεβλήσθω
497 2382 559 2467 γὰρ
587 2382 677 2467 παρὰ
708 2383 769 2465 τὴν
801 2386 864 2446 ΕΒ
896 2391 943 2469 τῷ
975 2384 1036 2446 ΓΛ
1070 2386 1145 2446 λ’σον

130 2489 475 2572 παραλληλόγραμμον
490 2488 534 2552 ’τὸ
558 2491 641 2572 ΕΗ,
666 2486 722 2552 καὶ
744 2491 884 2572 κείσθω,
908 2489 991 2552 ὥστε
1015 2484 1065 2551 ἐπ’
1092 2488 1144 2552 εὐ-

131 2595 226 2667 θείας
249 2587 334 2657 εἶναι
357 2594 419 2675 τὴν
436 2598 506 2657 ΑΕ
526 2603 566 2679 τῇ
584 2598 662 2658 ΕΘ·
687 2591 737 2659 ἐπ’
759 2595 893 2670 εὐθείας
916 2595 980 2679 όίρα
1002 2591 1071 2657 ἐστὶ
1088 2590 1145 2658 καὶ

131 2697 240 2780 pue
264 2707 304 2784 τῇ
326 2702 403 2763 ΒΗ.

199 2799 269 2867 ἐπεὶ
292 2798 354 2868 οὖν
377 2806 475 2885 λόγος
498 2801 567 2867 ἐστὶ
589 2811 649 2868 τοῦ
673 2806 738 2866 ΑΒ
765 2804 849 2888 πρὸς
871 2804 908 2866 τὸ
934 2806 994 2867 ΓΛ
1019 2803 1145 2887 ὃοθείς,

204 3000 227 3048 5.
247 2995 302 3049 ὑπὸ
321 3004 376 3049 τῶν
396 3012 420 3047 v.
475 2993 543 3046 Post
562 2994 655 3061 μεῖζον
673 2992 738 3047 hab.
759 2992 814 3061 ἄρα
832 2992 945 3063 punctis
960 2992 1014 3046 del.
1028 2992 1059 3047 P.
1118 2999 1142 3048 9.

36 3070 46 3091 ¹
133 3065 293 3133 Sequuntur
310 3068 367 3119 tres
387 3065 536 3117 demonstr.
557 3062 644 3133 aliae,
668 3081 694 3117 u.
715 3081 777 3133 app.
857 3069 898 3118 10.
919 3063 978 3135 ἔν’]
998 3063 1038 3128 Εἴ
1058 3064 1091 3133 b,
1116 3066 1146 3122 et

132 3135 172 3189 sic
192 3136 330 3205 deinceps.
414 3141 455 3189 11.
475 3133 748 3204 παραλληλόγραμμα
779 3132 901 3204 τρίγωνα
919 3152 946 3204 v,
970 3151 1039 3189 corr.
1059 3152 1096 3190 m.
1118 3141 1142 3204 2,

132 3209 161 3260 et
180 3206 286 3261 siclin.
308 3212 340 3261 15
360 3209 389 3260 et
428 3222 457 3259 er
474 3222 572 3275 propp.
592 3205 744 3259 LXIX—L
838 3249 843 3260 .
939 3205 1009 3274 πρὸς
1027 3204 1133 3276 ἄλληλα

131 3293 184 3331 om.
204 3278 268 3332 Vae.
342 3283 383 3332 12.
405 3225 425 3330 ό]
436 3296 460 3331 ει
478 3295 504 3330 v,
582 3280 624 3330 13.
644 3274 710 3347 καί]
731 3293 783 3331 om.
803 3276 830 3331 b.
910 3281 951 3331 16.
971 3275 985 3329 ἐ
1003 3272 1054 3331 ἑτω
1069 3278 1132 3347 (pr.)

131 3345 267 3417 ἐχέτωσαν
290 3349 317 3402 b.
408 3297 1012 3419 ίξγέτω(ω1ί.)-17.ἃεθομένον]οω.ᾗ.
1101 3352 1144 3402 18.

131 3419 200 3488 ΒΕ]
226 3422 278 3470 ΕΒ
296 3419 323 3472 b.
405 3419 479 3472 Ante
501 3414 599 3479 θοθελς
620 3417 686 3471 hab.
707 3416 763 3472 ἐστί
781 3437 807 3487 v,
828 3418 882 3472 del.
901 3436 937 3472 m.
957 3421 1026 3488 20).
1102 3423 1144 3473 19.

133 3489 201 3557 ΖΓ]
223 3492 275 3541 ΓΖ
293 3488 319 3542 b.
403 3495 444 3544 21.
464 3487 764 3560 παραλληλόγραμμον]
784 3488 855 3558 πρός
872 3489 937 3545 vat.
1029 3493 1072 3544 22.
1095 3485 1142 3543 ἐπ’
