<?xml version="1.0" encoding="UTF-8"?>
<!DOCTYPE html PUBLIC "-//W3C//DTD XHTML 1.0 Transitional//EN"
    "http://www.w3.org/TR/xhtml1/DTD/xhtml1-transitional.dtd">
<html xmlns="http://www.w3.org/1999/xhtml" xml:lang="en" lang="en">
 <head>
  <title>
</title>
<meta http-equiv="Content-Type" content="text/html;charset=utf-8" />
  <meta name='ocr-system' content='tesseract 3.04.00' />
  <meta name='ocr-capabilities' content='ocr_page ocr_carea ocr_par ocr_line ocrx_word'/>
</head>
<body>
  <div class='ocr_page' id='page_1' title='image "./euclidisoperaom05unkngoog_0248.png"; bbox 0 0 2400 3840; ppageno 0'>
   <div class='ocr_carea' id='block_1_1' title="bbox 82 493 1160 1853">
    <p class='ocr_par' dir='ltr' id='par_1_1' title="bbox 139 493 1156 791">
     <span class='ocr_line' id='line_1_1' title="bbox 204 493 1154 584; baseline 0.003 -24"><span class='ocrx_word' id='word_1_1' title='bbox 204 493 281 560; x_wconf 80' lang='grc' dir='ltr'><em>Ἐδιν</em></span> <span class='ocrx_word' id='word_1_2' title='bbox 295 498 342 571; x_wconf 87' lang='grc' dir='ltr'><em>είς</em></span> <span class='ocrx_word' id='word_1_3' title='bbox 356 498 479 560; x_wconf 81' lang='grc' dir='ltr'><strong><em>κύκλον</em></strong></span> <span class='ocrx_word' id='word_1_4' title='bbox 494 496 675 580; x_wconf 78' lang='grc' dir='ltr'><em>δεδομένον</em></span> <span class='ocrx_word' id='word_1_5' title='bbox 688 507 734 584; x_wconf 75' lang='grc' dir='ltr'><em>τῷ</em></span> <span class='ocrx_word' id='word_1_6' title='bbox 750 496 883 581; x_wconf 76' lang='grc' dir='ltr'><em>μεγέθει</em></span> <span class='ocrx_word' id='word_1_7' title='bbox 895 498 1010 581; x_wconf 86' lang='grc' dir='ltr'><em>εὐθεῖα</em></span> <span class='ocrx_word' id='word_1_8' title='bbox 1020 501 1154 584; x_wconf 86' lang='grc' dir='ltr'><em>γραμμή</em></span> 
     </span>
     <span class='ocr_line' id='line_1_2' title="bbox 141 600 1156 689; baseline 0.004 -24"><span class='ocrx_word' id='word_1_9' title='bbox 141 600 229 686; x_wconf 76' lang='grc' dir='ltr'><em>ἄχθη</em></span> <span class='ocrx_word' id='word_1_10' title='bbox 254 601 414 686; x_wconf 75' lang='grc' dir='ltr'><em>δεδομένη</em></span> <span class='ocrx_word' id='word_1_11' title='bbox 437 612 483 688; x_wconf 75' lang='grc' dir='ltr'><em>τῷ</em></span> <span class='ocrx_word' id='word_1_12' title='bbox 508 602 652 685; x_wconf 76' lang='grc' dir='ltr'><em>μεγέθει,</em></span> <span class='ocrx_word' id='word_1_13' title='bbox 676 602 879 686; x_wconf 77' lang='grc' dir='ltr'><em>ἀπολήψεται</em></span> <span class='ocrx_word' id='word_1_14' title='bbox 897 613 1006 688; x_wconf 81' lang='grc' dir='ltr'><em>τμήμα</em></span> <span class='ocrx_word' id='word_1_15' title='bbox 1026 605 1156 689; x_wconf 91' lang='grc' dir='ltr'><em>δεχόμε-</em></span> 
     </span>
     <span class='ocr_line' id='line_1_3' title="bbox 139 711 545 791; baseline 0 -19"><span class='ocrx_word' id='word_1_16' title='bbox 139 732 201 772; x_wconf 95' lang='grc' dir='ltr'><em>νον</em></span> <span class='ocrx_word' id='word_1_17' title='bbox 225 713 351 791; x_wconf 83' lang='grc' dir='ltr'><em>γωνίαν</em></span> <span class='ocrx_word' id='word_1_18' title='bbox 375 711 545 773; x_wconf 86' lang='grc' dir='ltr'><em>δοθεῖσαν.</em></span> 
     </span>
    </p>

    <p class='ocr_par' dir='ltr' id='par_1_2' title="bbox 103 808 1160 1111">
     <span class='ocr_line' id='line_1_4' title="bbox 103 808 1160 900; baseline 0.002 -21"><span class='ocrx_word' id='word_1_19' title='bbox 103 831 119 879; x_wconf 78' lang='lat'>5</span> <span class='ocrx_word' id='word_1_20' title='bbox 206 818 252 891; x_wconf 92' lang='grc' dir='ltr'><em>είς</em></span> <span class='ocrx_word' id='word_1_21' title='bbox 280 816 342 900; x_wconf 78' lang='grc' dir='ltr'><em>γὰρ</em></span> <span class='ocrx_word' id='word_1_22' title='bbox 370 816 494 879; x_wconf 83' lang='grc' dir='ltr'><em>κύκλον</em></span> <span class='ocrx_word' id='word_1_23' title='bbox 522 812 703 897; x_wconf 90' lang='grc' dir='ltr'><em>δεδομένον</em></span> <span class='ocrx_word' id='word_1_24' title='bbox 730 821 776 900; x_wconf 79' lang='grc' dir='ltr'><em>τῷ</em></span> <span class='ocrx_word' id='word_1_25' title='bbox 805 814 938 898; x_wconf 75' lang='grc' dir='ltr'><em>μεγέθει</em></span> <span class='ocrx_word' id='word_1_26' title='bbox 966 818 1026 880; x_wconf 92' lang='grc' dir='ltr'><em>τὸν</em></span> <span class='ocrx_word' id='word_1_27' title='bbox 1053 808 1160 881; x_wconf 84' lang='grc' dir='ltr'><em>ΑΒΓ</em></span> 
     </span>
     <span class='ocr_line' id='line_1_5' title="bbox 138 919 1154 1009; baseline 0.004 -24"><span class='ocrx_word' id='word_1_28' title='bbox 138 921 253 986; x_wconf 89' lang='grc' dir='ltr'><em>εὐθεῖα</em></span> <span class='ocrx_word' id='word_1_29' title='bbox 272 923 403 1007; x_wconf 86' lang='grc' dir='ltr'><em>γραμμή</em></span> <span class='ocrx_word' id='word_1_30' title='bbox 417 923 512 1004; x_wconf 87' lang='grc' dir='ltr'><em>ήχθω</em></span> <span class='ocrx_word' id='word_1_31' title='bbox 534 919 553 1002; x_wconf 80' lang='grc' dir='ltr'><em>ἡ</em></span> <span class='ocrx_word' id='word_1_32' title='bbox 569 923 640 983; x_wconf 99' lang='lat' dir='ltr'><em>AF</em></span> <span class='ocrx_word' id='word_1_33' title='bbox 654 919 813 1004; x_wconf 85' lang='grc' dir='ltr'><em>δεδομένη</em></span> <span class='ocrx_word' id='word_1_34' title='bbox 828 930 873 1009; x_wconf 74' lang='grc' dir='ltr'><em>τῷ</em></span> <span class='ocrx_word' id='word_1_35' title='bbox 887 921 1034 1005; x_wconf 87' lang='grc' dir='ltr'><em>μεγέθει·</em></span> <span class='ocrx_word' id='word_1_36' title='bbox 1057 923 1154 1008; x_wconf 82' lang='grc' dir='ltr'><em>λέγω,</em></span> 
     </span>
     <span class='ocr_line' id='line_1_6' title="bbox 138 1026 1095 1111; baseline 0.001 -19"><span class='ocrx_word' id='word_1_37' title='bbox 138 1028 188 1092; x_wconf 85' lang='grc' dir='ltr'><em>ὅτι</em></span> <span class='ocrx_word' id='word_1_38' title='bbox 212 1026 414 1109; x_wconf 78' lang='grc' dir='ltr'><em>ἀπολήψεται</em></span> <span class='ocrx_word' id='word_1_39' title='bbox 437 1036 547 1111; x_wconf 78' lang='grc' dir='ltr'><em>τμῆμα</em></span> <span class='ocrx_word' id='word_1_40' title='bbox 571 1029 750 1111; x_wconf 85' lang='grc' dir='ltr'><em>δεχόμενον</em></span> <span class='ocrx_word' id='word_1_41' title='bbox 774 1031 901 1109; x_wconf 84' lang='grc' dir='ltr'><em>γωνίαν</em></span> <span class='ocrx_word' id='word_1_42' title='bbox 925 1029 1095 1093; x_wconf 90' lang='grc' dir='ltr'><em>δοθεῖσαν.</em></span> 
     </span>
    </p>

    <p class='ocr_par' dir='ltr' id='par_1_3' title="bbox 137 1131 1152 1324">
     <span class='ocr_line' id='line_1_7' title="bbox 204 1131 1152 1218; baseline 0.003 -22"><span class='ocrx_word' id='word_1_43' title='bbox 204 1134 356 1216; x_wconf 91' lang='grc' dir='ltr'><em>είλήφθω</em></span> <span class='ocrx_word' id='word_1_44' title='bbox 389 1134 452 1218; x_wconf 81' lang='grc' dir='ltr'><em>γὰρ</em></span> <span class='ocrx_word' id='word_1_45' title='bbox 482 1133 519 1196; x_wconf 90' lang='grc' dir='ltr'><em>τὸ</em></span> <span class='ocrx_word' id='word_1_46' title='bbox 547 1131 686 1218; x_wconf 82' lang='grc' dir='ltr'><em>κέντρον</em></span> <span class='ocrx_word' id='word_1_47' title='bbox 713 1143 773 1197; x_wconf 88' lang='grc' dir='ltr'><em>τοῦ</em></span> <span class='ocrx_word' id='word_1_48' title='bbox 800 1135 926 1199; x_wconf 89' lang='grc' dir='ltr'><em>κύκλον</em></span> <span class='ocrx_word' id='word_1_49' title='bbox 953 1137 990 1199; x_wconf 91' lang='grc' dir='ltr'><em>τὸ</em></span> <span class='ocrx_word' id='word_1_50' title='bbox 1017 1141 1065 1218; x_wconf 82' lang='lat' dir='ltr'><em>A,</em></span> <span class='ocrx_word' id='word_1_51' title='bbox 1096 1134 1152 1199; x_wconf 86' lang='grc' dir='ltr'><em>καλ</em></span> 
     </span>
     <span class='ocr_line' id='line_1_8' title="bbox 137 1236 1150 1324; baseline 0.004 -22"><span class='ocrx_word' id='word_1_52' title='bbox 137 1239 364 1321; x_wconf 79' lang='grc' dir='ltr'><em>ἐπιζευχθεῖσα</em></span> <span class='ocrx_word' id='word_1_53' title='bbox 387 1236 407 1320; x_wconf 80' lang='grc' dir='ltr'><em>ἡ</em></span> <span class='ocrx_word' id='word_1_54' title='bbox 431 1243 496 1301; x_wconf 85' lang='grc' dir='ltr'><em>ΑΔ</em></span> <span class='ocrx_word' id='word_1_55' title='bbox 521 1240 651 1322; x_wconf 90' lang='grc' dir='ltr'><em>διήχθω</em></span> <span class='ocrx_word' id='word_1_56' title='bbox 677 1238 730 1304; x_wconf 84' lang='grc' dir='ltr'><em>έπλ</em></span> <span class='ocrx_word' id='word_1_57' title='bbox 753 1241 790 1304; x_wconf 88' lang='grc' dir='ltr'><em>τὸ</em></span> <span class='ocrx_word' id='word_1_58' title='bbox 814 1245 859 1323; x_wconf 81' lang='grc' dir='ltr'><em>Ε,</em></span> <span class='ocrx_word' id='word_1_59' title='bbox 887 1239 942 1304; x_wconf 84' lang='grc' dir='ltr'><em>καλ</em></span> <span class='ocrx_word' id='word_1_60' title='bbox 966 1240 1150 1324; x_wconf 82' lang='grc' dir='ltr'><em>ἐπεζεύχθω</em></span> 
     </span>
    </p>

    <p class='ocr_par' dir='ltr' id='par_1_4' title="bbox 82 1342 1153 1853">
     <span class='ocr_line' id='line_1_9' title="bbox 82 1342 1149 1439; baseline 0.005 -33"><span class='ocrx_word' id='word_1_61' title='bbox 82 1344 155 1426; x_wconf 81' lang='grc' dir='ltr'><em>1οή</em></span> <span class='ocrx_word' id='word_1_62' title='bbox 185 1348 255 1439; x_wconf 81' lang='grc' dir='ltr'><em>ΓΕ.</em></span> <span class='ocrx_word' id='word_1_63' title='bbox 307 1342 375 1408; x_wconf 83' lang='grc' dir='ltr'><em>ἐπεὶ</em></span> <span class='ocrx_word' id='word_1_64' title='bbox 408 1344 548 1409; x_wconf 77' lang='grc' dir='ltr'><em>δοθεῖσα</em></span> <span class='ocrx_word' id='word_1_65' title='bbox 582 1343 672 1409; x_wconf 80' lang='grc' dir='ltr'><em>ἐστιν</em></span> <span class='ocrx_word' id='word_1_66' title='bbox 705 1343 840 1432; x_wconf 85' lang='grc' dir='ltr'><em>ἑκατέρα</em></span> <span class='ocrx_word' id='word_1_67' title='bbox 872 1357 940 1411; x_wconf 85' lang='grc' dir='ltr'><em>τῶν</em></span> <span class='ocrx_word' id='word_1_68' title='bbox 966 1352 1049 1430; x_wconf 86' lang='lat' dir='ltr'><em>EA,</em></span> <span class='ocrx_word' id='word_1_69' title='bbox 1074 1350 1149 1430; x_wconf 91' lang='lat' dir='ltr'><em>AF,</em></span> 
     </span>
     <span class='ocr_line' id='line_1_10' title="bbox 135 1448 1153 1538; baseline 0.002 -23"><span class='ocrx_word' id='word_1_70' title='bbox 135 1454 233 1533; x_wconf 90' lang='grc' dir='ltr'><em>λόγος</em></span> <span class='ocrx_word' id='word_1_71' title='bbox 261 1452 324 1536; x_wconf 76' lang='grc' dir='ltr'><em>ἄρα</em></span> <span class='ocrx_word' id='word_1_72' title='bbox 353 1448 422 1514; x_wconf 88' lang='grc' dir='ltr'><em>έστλ</em></span> <span class='ocrx_word' id='word_1_73' title='bbox 448 1459 506 1534; x_wconf 81' lang='grc' dir='ltr'><em>τῆς</em></span> <span class='ocrx_word' id='word_1_74' title='bbox 533 1456 601 1515; x_wconf 91' lang='grc' dir='ltr'><em>ΕΑ</em></span> <span class='ocrx_word' id='word_1_75' title='bbox 627 1453 711 1538; x_wconf 87' lang='grc' dir='ltr'><em>πρὸς</em></span> <span class='ocrx_word' id='word_1_76' title='bbox 738 1453 799 1535; x_wconf 83' lang='grc' dir='ltr'><em>τήν</em></span> <span class='ocrx_word' id='word_1_77' title='bbox 827 1456 898 1516; x_wconf 98' lang='lat' dir='ltr'><em>AF</em></span> <span class='ocrx_word' id='word_1_78' title='bbox 925 1455 1049 1529; x_wconf 91' lang='grc' dir='ltr'><em>δοθείς.</em></span> <span class='ocrx_word' id='word_1_79' title='bbox 1094 1456 1153 1517; x_wconf 90' lang='grc' dir='ltr'><em>καί</em></span> 
     </span>
     <span class='ocr_line' id='line_1_11' title="bbox 136 1555 1149 1645; baseline 0.003 -25"><span class='ocrx_word' id='word_1_80' title='bbox 136 1555 226 1621; x_wconf 90' lang='grc' dir='ltr'><em>ε’στιν</em></span> <span class='ocrx_word' id='word_1_81' title='bbox 249 1557 336 1642; x_wconf 79' lang='grc' dir='ltr'><em>ὀρθή</em></span> <span class='ocrx_word' id='word_1_82' title='bbox 365 1555 385 1639; x_wconf 80' lang='grc' dir='ltr'><em>ἡ</em></span> <span class='ocrx_word' id='word_1_83' title='bbox 408 1557 473 1622; x_wconf 88' lang='grc' dir='ltr'><em>ὑπὸ</em></span> <span class='ocrx_word' id='word_1_84' title='bbox 497 1569 565 1623; x_wconf 84' lang='grc' dir='ltr'><em>τῶν</em></span> <span class='ocrx_word' id='word_1_85' title='bbox 589 1562 691 1622; x_wconf 85' lang='grc' dir='ltr'><em>ΑΓΕ</em></span> <span class='ocrx_word' id='word_1_86' title='bbox 717 1562 836 1640; x_wconf 89' lang='grc' dir='ltr'><em>γωνία·</em></span> <span class='ocrx_word' id='word_1_87' title='bbox 869 1558 1002 1623; x_wconf 90' lang='grc' dir='ltr'><em>δέδοται</em></span> <span class='ocrx_word' id='word_1_88' title='bbox 1025 1561 1149 1645; x_wconf 79' lang='grc' dir='ltr'><em>ἄρατὸ</em></span> 
     </span>
     <span class='ocr_line' id='line_1_12' title="bbox 134 1663 1148 1751; baseline 0.002 -24"><span class='ocrx_word' id='word_1_89' title='bbox 134 1667 237 1727; x_wconf 85' lang='grc' dir='ltr'><em>ΑΓΕ</em></span> <span class='ocrx_word' id='word_1_90' title='bbox 257 1667 423 1750; x_wconf 89' lang='grc' dir='ltr'><em>τρίγωνον</em></span> <span class='ocrx_word' id='word_1_91' title='bbox 445 1673 490 1751; x_wconf 79' lang='grc' dir='ltr'><em>τῷ</em></span> <span class='ocrx_word' id='word_1_92' title='bbox 515 1666 609 1728; x_wconf 89' lang='grc' dir='ltr'><em>είδει·</em></span> <span class='ocrx_word' id='word_1_93' title='bbox 640 1665 780 1729; x_wconf 78' lang='grc' dir='ltr'><em>δοθεῖσα</em></span> <span class='ocrx_word' id='word_1_94' title='bbox 799 1666 864 1750; x_wconf 84' lang='grc' dir='ltr'><em>ίίρα</em></span> <span class='ocrx_word' id='word_1_95' title='bbox 883 1663 952 1729; x_wconf 84' lang='grc' dir='ltr'><em>ε’στλ</em></span> <span class='ocrx_word' id='word_1_96' title='bbox 970 1663 1026 1728; x_wconf 81' lang='grc' dir='ltr'><em>καί</em></span> <span class='ocrx_word' id='word_1_97' title='bbox 1044 1664 1064 1746; x_wconf 79' lang='grc' dir='ltr'><em>ἡ</em></span> <span class='ocrx_word' id='word_1_98' title='bbox 1083 1664 1148 1729; x_wconf 84' lang='grc' dir='ltr'><em>ὑπὸ</em></span> 
     </span>
     <span class='ocr_line' id='line_1_13' title="bbox 134 1753 1033 1853; baseline 0.002 -19"><span class='ocrx_word' id='word_1_99' title='bbox 134 1779 202 1834; x_wconf 83' lang='grc' dir='ltr'><em>τῶν</em></span> <span class='ocrx_word' id='word_1_100' title='bbox 226 1774 332 1834; x_wconf 87' lang='grc' dir='ltr'><em>ΑΕΓ</em></span> <span class='ocrx_word' id='word_1_101' title='bbox 349 1774 462 1853; x_wconf 91' lang='grc' dir='ltr'><em>γωνία.</em></span> <span class='ocrx_word' id='word_1_102' title='bbox 1030 1753 1033 1759; x_wconf 35' lang='grc'><strong>’</strong></span> 
     </span>
    </p>
   </div>
   <div class='ocr_carea' id='block_1_2' title="bbox 78 1945 1148 2685">
    <p class='ocr_par' dir='ltr' id='par_1_5' title="bbox 81 1945 678 2025">
     <span class='ocr_line' id='line_1_14' title="bbox 81 1945 678 2025; baseline 0.003 -16"><span class='ocrx_word' id='word_1_103' title='bbox 81 1976 114 2025; x_wconf 85' lang='lat'><em>15</em></span> <span class='ocrx_word' id='word_1_104' title='bbox 605 1945 678 2011; x_wconf 70' lang='grc' dir='ltr'><em>σθ’.</em></span> 
     </span>
    </p>

    <p class='ocr_par' dir='ltr' id='par_1_6' title="bbox 131 2069 1148 2474">
     <span class='ocr_line' id='line_1_15' title="bbox 197 2069 1148 2157; baseline 0 -23"><span class='ocrx_word' id='word_1_105' title='bbox 197 2069 274 2135; x_wconf 82' lang='grc' dir='ltr'><em>Ἐὰν</em></span> <span class='ocrx_word' id='word_1_106' title='bbox 292 2073 416 2136; x_wconf 87' lang='grc' dir='ltr'><em>κύκλον</em></span> <span class='ocrx_word' id='word_1_107' title='bbox 435 2069 617 2155; x_wconf 89' lang='grc' dir='ltr'><em>δεδομένου</em></span> <span class='ocrx_word' id='word_1_108' title='bbox 631 2081 671 2156; x_wconf 83' lang='grc' dir='ltr'><em>τή</em></span> <span class='ocrx_word' id='word_1_109' title='bbox 685 2069 778 2135; x_wconf 88' lang='grc' dir='ltr'><em>θέσει</em></span> <span class='ocrx_word' id='word_1_110' title='bbox 798 2069 852 2135; x_wconf 84' lang='grc' dir='ltr'><em>ἐπὶ</em></span> <span class='ocrx_word' id='word_1_111' title='bbox 867 2081 925 2154; x_wconf 79' lang='grc' dir='ltr'><em>τῆς</em></span> <span class='ocrx_word' id='word_1_112' title='bbox 937 2074 1148 2157; x_wconf 80' lang='grc' dir='ltr'><em>περιφερείας</em></span> 
     </span>
     <span class='ocr_line' id='line_1_16' title="bbox 132 2173 1145 2262; baseline 0.001 -23"><span class='ocrx_word' id='word_1_113' title='bbox 132 2175 237 2241; x_wconf 75' lang='grc' dir='ltr'><em>δοθὲν</em></span> <span class='ocrx_word' id='word_1_114' title='bbox 264 2189 400 2261; x_wconf 91' lang='grc' dir='ltr'><em>σημεῖον</em></span> <span class='ocrx_word' id='word_1_115' title='bbox 427 2183 559 2262; x_wconf 75' lang='grc' dir='ltr'><em>ληφθή,</em></span> <span class='ocrx_word' id='word_1_116' title='bbox 592 2176 655 2241; x_wconf 86' lang='grc' dir='ltr'><em>ἀπὸ</em></span> <span class='ocrx_word' id='word_1_117' title='bbox 685 2173 722 2240; x_wconf 68' lang='grc' dir='ltr'><em>δὲ</em></span> <span class='ocrx_word' id='word_1_118' title='bbox 750 2179 871 2242; x_wconf 89' lang='grc' dir='ltr'><em>τούτου</em></span> <span class='ocrx_word' id='word_1_119' title='bbox 896 2177 980 2262; x_wconf 90' lang='grc' dir='ltr'><em>πρὸς</em></span> <span class='ocrx_word' id='word_1_120' title='bbox 1001 2178 1063 2260; x_wconf 85' lang='grc' dir='ltr'><em>τήν</em></span> <span class='ocrx_word' id='word_1_121' title='bbox 1086 2185 1145 2241; x_wconf 89' lang='grc' dir='ltr'><em>τοῦ</em></span> 
     </span>
     <span class='ocr_line' id='line_1_17' title="bbox 131 2281 1144 2369; baseline 0.002 -24"><span class='ocrx_word' id='word_1_122' title='bbox 131 2283 255 2346; x_wconf 88' lang='grc' dir='ltr'><em>κύκλον</em></span> <span class='ocrx_word' id='word_1_123' title='bbox 278 2282 492 2369; x_wconf 88' lang='grc' dir='ltr'><em>περιφέρειαν</em></span> <span class='ocrx_word' id='word_1_124' title='bbox 516 2288 647 2368; x_wconf 79' lang='grc' dir='ltr'><em>κλασθή</em></span> <span class='ocrx_word' id='word_1_125' title='bbox 671 2306 721 2359; x_wconf 88' lang='grc' dir='ltr'><em>τις</em></span> <span class='ocrx_word' id='word_1_126' title='bbox 745 2283 860 2348; x_wconf 86' lang='grc' dir='ltr'><em>εὐθεῖα</em></span> <span class='ocrx_word' id='word_1_127' title='bbox 882 2281 1063 2367; x_wconf 90' lang='grc' dir='ltr'><em>δεδομένην</em></span> <span class='ocrx_word' id='word_1_128' title='bbox 1081 2307 1144 2365; x_wconf 92' lang='grc' dir='ltr'><em>γω-</em></span> 
     </span>
     <span class='ocr_line' id='line_1_18' title="bbox 131 2386 1145 2474; baseline 0.002 -24"><span class='ocrx_word' id='word_1_129' title='bbox 131 2390 208 2450; x_wconf 92' lang='grc' dir='ltr'><em>νίαν</em></span> <span class='ocrx_word' id='word_1_130' title='bbox 226 2396 377 2470; x_wconf 81' lang='grc' dir='ltr'><em>ποιοῦσα,</em></span> <span class='ocrx_word' id='word_1_131' title='bbox 402 2386 534 2452; x_wconf 91' lang='grc' dir='ltr'><em>δέδοται</em></span> <span class='ocrx_word' id='word_1_132' title='bbox 553 2389 590 2452; x_wconf 88' lang='grc' dir='ltr'><em>τὸ</em></span> <span class='ocrx_word' id='word_1_133' title='bbox 609 2387 723 2474; x_wconf 80' lang='grc' dir='ltr'><em>ἕτερον</em></span> <span class='ocrx_word' id='word_1_134' title='bbox 741 2386 842 2473; x_wconf 81' lang='grc' dir='ltr'><em>πέρας</em></span> <span class='ocrx_word' id='word_1_135' title='bbox 860 2396 918 2471; x_wconf 84' lang='grc' dir='ltr'><em>τής</em></span> <span class='ocrx_word' id='word_1_136' title='bbox 935 2391 1145 2471; x_wconf 89' lang='grc' dir='ltr'><em>κλασθείσης.</em></span> 
     </span>
    </p>

    <p class='ocr_par' dir='ltr' id='par_1_7' title="bbox 78 2491 1143 2685">
     <span class='ocr_line' id='line_1_19' title="bbox 78 2491 1143 2579; baseline 0.004 -24"><span class='ocrx_word' id='word_1_137' title='bbox 78 2521 112 2570; x_wconf 82' lang='lat'><em>20</em></span> <span class='ocrx_word' id='word_1_138' title='bbox 197 2494 321 2556; x_wconf 88' lang='grc' dir='ltr'><em>κύκλον</em></span> <span class='ocrx_word' id='word_1_139' title='bbox 340 2495 404 2579; x_wconf 76' lang='grc' dir='ltr'><em>γὰρ</em></span> <span class='ocrx_word' id='word_1_140' title='bbox 423 2503 462 2579; x_wconf 79' lang='grc' dir='ltr'><em>τῇ</em></span> <span class='ocrx_word' id='word_1_141' title='bbox 481 2491 576 2563; x_wconf 89' lang='grc' dir='ltr'><em>θέσει</em></span> <span class='ocrx_word' id='word_1_142' title='bbox 595 2493 777 2578; x_wconf 88' lang='grc' dir='ltr'><em>δεδομένου</em></span> <span class='ocrx_word' id='word_1_143' title='bbox 796 2502 855 2557; x_wconf 89' lang='grc' dir='ltr'><em>τοῦ</em></span> <span class='ocrx_word' id='word_1_144' title='bbox 871 2495 976 2556; x_wconf 87' lang='grc' dir='ltr'><em>ΑΒΓ</em></span> <span class='ocrx_word' id='word_1_145' title='bbox 991 2494 1143 2577; x_wconf 77' lang='grc' dir='ltr'><em>εἰλήφθω</em></span> 
     </span>
     <span class='ocr_line' id='line_1_20' title="bbox 130 2596 1143 2685; baseline 0.002 -24"><span class='ocrx_word' id='word_1_146' title='bbox 130 2596 183 2662; x_wconf 80' lang='grc' dir='ltr'><em>ἐπὶ</em></span> <span class='ocrx_word' id='word_1_147' title='bbox 202 2608 259 2682; x_wconf 84' lang='grc' dir='ltr'><em>τής</em></span> <span class='ocrx_word' id='word_1_148' title='bbox 276 2604 486 2685; x_wconf 89' lang='grc' dir='ltr'><em>περιφερείας</em></span> <span class='ocrx_word' id='word_1_149' title='bbox 505 2596 609 2665; x_wconf 68' lang='grc' dir='ltr'><em>δοθέν</em></span> <span class='ocrx_word' id='word_1_150' title='bbox 628 2611 765 2684; x_wconf 92' lang='grc' dir='ltr'><em>σημεῖον</em></span> <span class='ocrx_word' id='word_1_151' title='bbox 782 2601 819 2664; x_wconf 86' lang='grc' dir='ltr'><em>τὸ</em></span> <span class='ocrx_word' id='word_1_152' title='bbox 839 2604 877 2685; x_wconf 84' lang='grc' dir='ltr'><em>Β,</em></span> <span class='ocrx_word' id='word_1_153' title='bbox 901 2599 964 2664; x_wconf 80' lang='grc' dir='ltr'><em>ἀπὸ</em></span> <span class='ocrx_word' id='word_1_154' title='bbox 984 2596 1021 2663; x_wconf 69' lang='grc' dir='ltr'><em>δὲ</em></span> <span class='ocrx_word' id='word_1_155' title='bbox 1039 2609 1100 2664; x_wconf 85' lang='grc' dir='ltr'><em>τοῦ</em></span> <span class='ocrx_word' id='word_1_156' title='bbox 1113 2604 1143 2663; x_wconf 91' lang='grc' dir='ltr'><strong><em>Β</em></strong></span> 
     </span>
    </p>
   </div>
   <div class='ocr_carea' id='block_1_3' title="bbox 128 2702 1144 3004">
    <p class='ocr_par' dir='ltr' id='par_1_8' title="bbox 128 2702 1144 3004">
     <span class='ocr_line' id='line_1_21' title="bbox 129 2702 1144 2790; baseline 0.002 -22"><span class='ocrx_word' id='word_1_157' title='bbox 129 2705 302 2769; x_wconf 75' lang='grc' dir='ltr'><em>κεκλήσθω</em></span> <span class='ocrx_word' id='word_1_158' title='bbox 331 2705 447 2771; x_wconf 87' lang='grc' dir='ltr'><em>εὐθεῖα</em></span> <span class='ocrx_word' id='word_1_159' title='bbox 473 2707 494 2789; x_wconf 83' lang='grc' dir='ltr'>ἡ</span> <span class='ocrx_word' id='word_1_160' title='bbox 518 2710 619 2770; x_wconf 90' lang='grc' dir='ltr'><em>ΒΑΓ</em></span> <span class='ocrx_word' id='word_1_161' title='bbox 641 2704 824 2790; x_wconf 90' lang='grc' dir='ltr'><em>δεδομένην</em></span> <span class='ocrx_word' id='word_1_162' title='bbox 851 2702 993 2770; x_wconf 81' lang='grc' dir='ltr'><em>ποιοῦσα</em></span> <span class='ocrx_word' id='word_1_163' title='bbox 1015 2709 1144 2788; x_wconf 91' lang='grc' dir='ltr'><em>γωνίαν</em></span> 
     </span>
     <span class='ocr_line' id='line_1_22' title="bbox 128 2811 1141 2896; baseline 0.002 -22"><span class='ocrx_word' id='word_1_164' title='bbox 128 2811 189 2893; x_wconf 88' lang='grc' dir='ltr'><em>τήν</em></span> <span class='ocrx_word' id='word_1_165' title='bbox 211 2811 277 2875; x_wconf 85' lang='grc' dir='ltr'><em>ὑπὸ</em></span> <span class='ocrx_word' id='word_1_166' title='bbox 301 2821 368 2876; x_wconf 84' lang='grc' dir='ltr'><em>τῶν</em></span> <span class='ocrx_word' id='word_1_167' title='bbox 391 2816 505 2877; x_wconf 86' lang='grc' dir='ltr'><em>ΒΑΓ·</em></span> <span class='ocrx_word' id='word_1_168' title='bbox 536 2811 630 2896; x_wconf 81' lang='grc' dir='ltr'><em>λέγω,</em></span> <span class='ocrx_word' id='word_1_169' title='bbox 655 2813 705 2878; x_wconf 82' lang='grc' dir='ltr'><em>ὅτι</em></span> <span class='ocrx_word' id='word_1_170' title='bbox 729 2811 861 2876; x_wconf 91' lang='grc' dir='ltr'><em>δέδοται</em></span> <span class='ocrx_word' id='word_1_171' title='bbox 883 2813 921 2876; x_wconf 92' lang='grc' dir='ltr'><em>τὸ</em></span> <span class='ocrx_word' id='word_1_172' title='bbox 946 2815 979 2875; x_wconf 94' lang='grc' dir='ltr'><em>Γ</em></span> <span class='ocrx_word' id='word_1_173' title='bbox 997 2825 1141 2895; x_wconf 91' lang='grc' dir='ltr'><em>σημεῖον.</em></span> 
     </span>
     <span class='ocr_line' id='line_1_23' title="bbox 196 2916 1143 3004; baseline 0.001 -23"><span class='ocrx_word' id='word_1_174' title='bbox 196 2920 348 3001; x_wconf 85' lang='grc' dir='ltr'><em>είλήφθω</em></span> <span class='ocrx_word' id='word_1_175' title='bbox 373 2920 436 3004; x_wconf 76' lang='grc' dir='ltr'><em>γὰρ</em></span> <span class='ocrx_word' id='word_1_176' title='bbox 459 2921 496 2983; x_wconf 86' lang='grc' dir='ltr'><em>τὸ</em></span> <span class='ocrx_word' id='word_1_177' title='bbox 520 2916 659 3004; x_wconf 90' lang='grc' dir='ltr'><em>κέντρον</em></span> <span class='ocrx_word' id='word_1_178' title='bbox 681 2920 719 2983; x_wconf 87' lang='grc' dir='ltr'><em>τὸ</em></span> <span class='ocrx_word' id='word_1_179' title='bbox 742 2924 791 3001; x_wconf 86' lang='lat' dir='ltr'><em>A,</em></span> <span class='ocrx_word' id='word_1_180' title='bbox 815 2916 870 2982; x_wconf 82' lang='grc' dir='ltr'><em>καλ</em></span> <span class='ocrx_word' id='word_1_181' title='bbox 893 2917 1143 3001; x_wconf 76' lang='grc' dir='ltr'><em>ἐπεζεύχθωσαν</em></span> 
     </span>
    </p>
   </div>
   <div class='ocr_carea' id='block_1_4' title="bbox 27 3143 1140 3568">
    <p class='ocr_par' dir='ltr' id='par_1_9' title="bbox 181 3143 1140 3269">
     <span class='ocr_line' id='line_1_24' title="bbox 181 3143 1140 3269; baseline 0 -72"><span class='ocrx_word' id='word_1_182' title='bbox 181 3151 204 3198; x_wconf 87' lang='grc'><em>1.</em></span> <span class='ocrx_word' id='word_1_183' title='bbox 224 3145 293 3269; x_wconf 50' lang='lat' dir='ltr'><em>my]</em></span> <span class='ocrx_word' id='word_1_184' title='bbox 309 3145 365 3198; x_wconf 86' lang='grc' dir='ltr'><em>πθ’</em></span> <span class='ocrx_word' id='word_1_185' title='bbox 380 3145 454 3213; x_wconf 67' lang='lat' dir='ltr'><em>Vat,</em></span> <span class='ocrx_word' id='word_1_186' title='bbox 474 3145 551 3213; x_wconf 82' lang='lat' dir='ltr'>edd.;</span> <span class='ocrx_word' id='word_1_187' title='bbox 570 3144 617 3208; x_wconf 77' lang='grc' dir='ltr'><em>κζ’</em></span> <span class='ocrx_word' id='word_1_188' title='bbox 638 3146 711 3215; x_wconf 56' lang='lat' dir='ltr'>Ma).</span> <span class='ocrx_word' id='word_1_189' title='bbox 769 3150 791 3199; x_wconf 82' lang='lat'><em>7.</em></span> <span class='ocrx_word' id='word_1_190' title='bbox 811 3143 1000 3214; x_wconf 80' lang='grc' dir='ltr'><em>ἀπολήψεται]</em></span> <span class='ocrx_word' id='word_1_191' title='bbox 1020 3143 1140 3214; x_wconf 84' lang='grc' dir='ltr'><em>λήψεται</em></span> 
     </span>
    </p>

    <p class='ocr_par' dir='ltr' id='par_1_10' title="bbox 125 3211 1138 3358">
     <span class='ocr_line' id='line_1_25' title="bbox 125 3211 1138 3287; baseline 0 -20"><span class='ocrx_word' id='word_1_192' title='bbox 125 3215 254 3281; x_wconf 75' lang='lat' dir='ltr'>Pvat.v;</span> <span class='ocrx_word' id='word_1_193' title='bbox 294 3234 332 3270; x_wconf 91' lang='grc' dir='ltr'><em>πο</em></span> <span class='ocrx_word' id='word_1_194' title='bbox 351 3233 435 3284; x_wconf 83' lang='lat' dir='ltr'>supra</span> <span class='ocrx_word' id='word_1_195' title='bbox 454 3233 504 3269; x_wconf 83' lang='lat' dir='ltr'>scr.</span> <span class='ocrx_word' id='word_1_196' title='bbox 524 3215 668 3270; x_wconf 71' lang='lat' dir='ltr'>m.2Vab.</span> <span class='ocrx_word' id='word_1_197' title='bbox 728 3217 877 3287; x_wconf 86' lang='grc' dir='ltr'><em>δοθεῖσαν]</em></span> <span class='ocrx_word' id='word_1_198' title='bbox 897 3211 996 3277; x_wconf 83' lang='grc' dir='ltr'><em>δοθείς</em></span> <span class='ocrx_word' id='word_1_199' title='bbox 1014 3231 1039 3269; x_wconf 78' lang='grc' dir='ltr'><em>ει.</em></span> <span class='ocrx_word' id='word_1_200' title='bbox 1096 3220 1138 3268; x_wconf 86' lang='lat'><em>10.</em></span> 
     </span>
     <span class='ocr_line' id='line_1_26' title="bbox 125 3281 1138 3358; baseline 0 -20"><span class='ocrx_word' id='word_1_201' title='bbox 125 3286 174 3338; x_wconf 85' lang='grc' dir='ltr'><em>καλ</em></span> <span class='ocrx_word' id='word_1_202' title='bbox 194 3284 255 3339; x_wconf 78' lang='grc' dir='ltr'><em>ἐπεί</em></span> <span class='ocrx_word' id='word_1_203' title='bbox 273 3287 337 3340; x_wconf 77' lang='lat' dir='ltr'>Vat.</span> <span class='ocrx_word' id='word_1_204' title='bbox 413 3292 453 3340; x_wconf 80' lang='lat'><em>12.</em></span> <span class='ocrx_word' id='word_1_205' title='bbox 473 3288 540 3358; x_wconf 86' lang='grc' dir='ltr'><em>τῶν]</em></span> <span class='ocrx_word' id='word_1_206' title='bbox 559 3293 609 3355; x_wconf 82' lang='grc' dir='ltr'><em>τῆς</em></span> <span class='ocrx_word' id='word_1_207' title='bbox 627 3303 652 3340; x_wconf 82' lang='lat' dir='ltr'><em>a.</em></span> <span class='ocrx_word' id='word_1_208' title='bbox 723 3291 763 3341; x_wconf 87' lang='lat'><em>13.</em></span> <span class='ocrx_word' id='word_1_209' title='bbox 785 3284 858 3342; x_wconf 80' lang='grc' dir='ltr'><em>ἐστίν</em></span> <span class='ocrx_word' id='word_1_210' title='bbox 877 3302 902 3339; x_wconf 76' lang='lat' dir='ltr'><em>a.</em></span> <span class='ocrx_word' id='word_1_211' title='bbox 962 3281 1026 3356; x_wconf 84' lang='grc' dir='ltr'><em>καί]</em></span> <span class='ocrx_word' id='word_1_212' title='bbox 1047 3301 1093 3338; x_wconf 89' lang='lat' dir='ltr'><em>om</em></span> <span class='ocrx_word' id='word_1_213' title='bbox 1112 3302 1138 3339; x_wconf 79' lang='lat' dir='ltr'><em>a.</em></span> 
     </span>
    </p>

    <p class='ocr_par' dir='ltr' id='par_1_11' title="bbox 27 3356 1139 3568">
     <span class='ocr_line' id='line_1_27' title="bbox 27 3356 1137 3428; baseline 0.002 -20"><span class='ocrx_word' id='word_1_214' title='bbox 27 3356 33 3366; x_wconf 86' lang='lat'><strong><em>‘</em></strong></span> <span class='ocrx_word' id='word_1_215' title='bbox 162 3362 203 3409; x_wconf 80' lang='lat'><em>15.</em></span> <span class='ocrx_word' id='word_1_216' title='bbox 223 3357 291 3427; x_wconf 66' lang='grc' dir='ltr'><em>πθ]</em></span> <span class='ocrx_word' id='word_1_217' title='bbox 312 3357 342 3428; x_wconf 76' lang='grc' dir='ltr'><em>η’</em></span> <span class='ocrx_word' id='word_1_218' title='bbox 358 3356 432 3426; x_wconf 72' lang='lat' dir='ltr'><em>Vat,</em></span> <span class='ocrx_word' id='word_1_219' title='bbox 452 3357 528 3424; x_wconf 66' lang='lat' dir='ltr'><em>edd,</em></span> <span class='ocrx_word' id='word_1_220' title='bbox 547 3357 599 3425; x_wconf 74' lang='grc' dir='ltr'><em>κη’</em></span> <span class='ocrx_word' id='word_1_221' title='bbox 615 3358 647 3426; x_wconf 84' lang='grc' dir='ltr'><em>β(</em></span> <span class='ocrx_word' id='word_1_222' title='bbox 665 3360 683 3425; x_wconf 85' lang='grc'><em>).</em></span> <span class='ocrx_word' id='word_1_223' title='bbox 762 3364 803 3411; x_wconf 83' lang='grc'><em>17.</em></span> <span class='ocrx_word' id='word_1_224' title='bbox 824 3357 948 3427; x_wconf 87' lang='grc' dir='ltr'><em>σημεῖον]</em></span> <span class='ocrx_word' id='word_1_225' title='bbox 968 3372 1057 3424; x_wconf 87' lang='lat' dir='ltr'>comp.</span> <span class='ocrx_word' id='word_1_226' title='bbox 1072 3356 1137 3410; x_wconf 80' lang='lat' dir='ltr'>Vat.</span> 
     </span>
     <span class='ocr_line' id='line_1_28' title="bbox 160 3425 1139 3514; baseline 0 -35"><span class='ocrx_word' id='word_1_227' title='bbox 160 3426 217 3480; x_wconf 81' lang='grc' dir='ltr'><em>ἀπό</em></span> <span class='ocrx_word' id='word_1_228' title='bbox 233 3457 265 3467; x_wconf 89' lang='grc'>-</span> <span class='ocrx_word' id='word_1_229' title='bbox 282 3432 323 3480; x_wconf 85' lang='grc'><em>18.</em></span> <span class='ocrx_word' id='word_1_230' title='bbox 343 3425 536 3500; x_wconf 83' lang='grc' dir='ltr'><em>περιφέρειαν]</em></span> <span class='ocrx_word' id='word_1_231' title='bbox 555 3428 604 3482; x_wconf 80' lang='grc' dir='ltr'><em>καὶ</em></span> <span class='ocrx_word' id='word_1_232' title='bbox 622 3428 679 3482; x_wconf 81' lang='grc' dir='ltr'><em>ἀπὸ</em></span> <span class='ocrx_word' id='word_1_233' title='bbox 697 3436 747 3481; x_wconf 82' lang='grc' dir='ltr'><em>τοῦ</em></span> <span class='ocrx_word' id='word_1_234' title='bbox 766 3425 880 3497; x_wconf 83' lang='grc' dir='ltr'><em>σημείου</em></span> <span class='ocrx_word' id='word_1_235' title='bbox 899 3429 924 3498; x_wconf 83' lang='grc' dir='ltr'><em>β.</em></span> <span class='ocrx_word' id='word_1_236' title='bbox 999 3432 1040 3481; x_wconf 87' lang='grc'><em>18.</em></span> <span class='ocrx_word' id='word_1_237' title='bbox 1060 3445 1139 3514; x_wconf 85' lang='grc' dir='ltr'><em>περι-</em></span> 
     </span>
     <span class='ocr_line' id='line_1_29' title="bbox 125 3493 1136 3568; baseline 0.003 -20"><span class='ocrx_word' id='word_1_238' title='bbox 125 3493 254 3567; x_wconf 86' lang='grc' dir='ltr'><em>φέρειαν]</em></span> <span class='ocrx_word' id='word_1_239' title='bbox 279 3499 451 3565; x_wconf 72' lang='lat' dir='ltr'>comp.Va1.</span> <span class='ocrx_word' id='word_1_240' title='bbox 547 3504 588 3553; x_wconf 76' lang='lat'><em>20.</em></span> <span class='ocrx_word' id='word_1_241' title='bbox 618 3497 745 3567; x_wconf 83' lang='grc' dir='ltr'><em>εἰλήφθω</em></span> <span class='ocrx_word' id='word_1_242' title='bbox 768 3497 821 3568; x_wconf 87' lang='grc' dir='ltr'><em>γολρ</em></span> <span class='ocrx_word' id='word_1_243' title='bbox 845 3516 870 3553; x_wconf 81' lang='lat' dir='ltr'><em>a.</em></span> <span class='ocrx_word' id='word_1_244' title='bbox 967 3503 1009 3552; x_wconf 80' lang='lat'><em>21.</em></span> <span class='ocrx_word' id='word_1_245' title='bbox 1034 3497 1136 3568; x_wconf 81' lang='grc' dir='ltr'><em>δοθεν]</em></span> 
     </span>
    </p>
   </div>
   <div class='ocr_carea' id='block_1_5' title="bbox 0 0 1204 3840">
    <p class='ocr_par' dir='ltr' id='par_1_12' title="bbox 0 0 1204 3840">
     <span class='ocr_line' id='line_1_30' title="bbox 0 0 1204 3840; baseline 0 5"><span class='ocrx_word' id='word_1_246' title='bbox 0 0 1204 3840; x_wconf 95' lang='lat' dir='ltr'><em> </em></span> 
     </span>
    </p>
   </div>
  </div>
 </body>
</html>
