2400 3840
134 157 197 221 128
535 156 739 209 ΔτΔοΜοΝΑ.

132 307 206 365 ίσον
229 296 266 364 δὲ
289 301 326 364 τὸ
352 303 413 364 ΓΛ
435 308 480 386 τῷ
503 302 587 382 ΕΗ,
616 301 714 381 λόγος
737 300 801 383 ἄρα
823 307 884 363 τοῦ
908 303 974 362 AB
1002 299 1086 383 πρὸς
1109 298 1147 362 τὸ

131 411 205 470 ΕΗ
233 407 360 482 δοθείς·
398 406 481 469 ὥστε
507 403 563 468 καί
591 413 650 487 τῆς
671 409 741 469 ΑΕ
765 406 849 490 πρὸς
876 406 937 487 τὴν
960 409 1026 468 ΕΘ
1049 405 1149 485 λόγος

132 511 201 577 ἐστὶ
224 513 347 588 δοθείς.
394 509 450 575 καὶ
473 509 542 576 ἐπεὶ
567 517 640 576 ίσον
663 509 732 575 ἐστὶ
755 512 792 576 τὸ
815 515 889 575 ΕΗ
907 520 953 598 τῷ
979 514 1049 593 ΓΔ,
1079 512 1149 574 ἔστι

134 615 171 682 δὲ
193 616 249 682 καὶ
274 619 477 700 ίσογώνιον,’
492 628 561 682 τῶν
583 621 667 700 ΕΗ,
687 620 748 680 ΓΔ
775 618 839 701 ἄρα
862 616 1149 681 ἀντιπεπόνθασιν

97 726 169 788 οαί
189 722 330 809 πλευραὶ
353 725 390 787 αί
410 722 485 809 περὶ
513 723 572 798 τὰς
596 729 669 798 ίσας
691 726 827 804 γωνίας·
858 725 948 787 ἔστιν
971 725 1035 808 ἄρα
1059 723 1104 798 ὡς
1127 722 1148 805 ἡ

132 834 195 894 ΕΒ
218 831 302 915 πρὸς
324 831 385 912 τὴν
409 834 480 913 ΖΔ,
504 829 610 905 οὕτως
632 829 653 912 ἡ
673 832 734 892 ΓΖ
757 831 841 914 πρὸς
862 830 924 911 τὴν
943 834 1016 893 ΕΘ.
1050 832 1149 910 λόγος
1191 833 1197 842 ’

132 932 169 1000 δὲ
196 944 254 1018 τῆς
281 938 344 999 ΕΒ
372 937 455 1021 πρὸς
482 937 543 1018 τὴν
572 939 633 999 ΖΔ
661 936 788 1010 δοθείς·
824 933 880 999 καὶ
907 944 965 1018 τῆς
993 938 1055 998 ΓΖ
1083 936 1148 1019 ἅμα

131 1043 215 1126 πρὸς
241 1042 302 1123 τὴν
329 1044 396 1104 ΕΘ
427 1043 525 1123 λόγος
553 1038 621 1104 ἐστὶ
648 1040 772 1115 δοθείς.
822 1048 880 1122 τῆς
907 1035 948 1104 δὲ,
971 1044 1038 1103 ΕΘ
1064 1040 1148 1123 πρὸς

132 1148 193 1230 τὴν
221 1151 289 1210 ΑΕ
315 1149 413 1227 λόγος
440 1145 509 1210 ἐστὶ
538 1146 666 1222 δοθείς·
704 1143 759 1209 καί
787 1155 845 1229 τῆς
873 1150 942 1210 ΑΕ
972 1147 1036 1230 ἅμα
1064 1146 1148 1226 πρὸς

80 1263 114 1312 10
132 1253 193 1334 τὴν
217 1255 279 1315 ΓΖ
302 1254 400 1333 λόγος
423 1250 491 1315 ἐστὶ
515 1252 638 1327 δοθείς.

608 1479 674 1558 ξδ’.

196 1603 272 1669 Ἐὰν
300 1606 362 1669 δύο
389 1608 714 1691 παραλληλόγραμμα
738 1601 917 1688 δεδομένας
944 1606 1000 1689 ἔχῃ
1023 1607 1148 1685 γωνίας

130 1708 186 1774 καὶ
209 1713 310 1793 λόγον
334 1713 417 1797 πρὸς
435 1713 560 1794 ἄλληλα
579 1715 636 1798 ἔχῃ
655 1706 845 1795 δεδομένον,
866 1707 923 1793 ναὶ
941 1712 1001 1794 μία
1019 1711 1147 1795 πλευρὰ

131 1817 215 1901 πρὸς
237 1821 317 1900 μίαν
339 1818 487 1903 πλευρὰν
509 1820 611 1900 λόγον
634 1820 690 1902 ἔχῃ
714 1815 905 1901 δεδομένον,
927 1814 982 1880 καί
1005 1815 1025 1898 ἡ
1048 1818 1147 1899 λοιπὴ

82 1935 114 1983 15
133 1923 259 2008 πλευρὰ
277 1923 360 2009 πρὸς
378 1925 439 2006 τὴν
453 1924 573 2005 λοιπὴν
591 1924 739 2008 πλευρὰν
757 1924 858 2004 λόγον
877 1920 940 1999 έξει
957 1921 1146 2005 δεδομένον.

199 2028 261 2093 δύο
285 2030 348 2115 γὰρ
371 2032 697 2114 παραλληλόγραμμα
720 2029 760 2092 τὰ
779 2031 855 2111 AB,
873 2032 946 2092 ΗΕ
966 2026 1148 2110 δεδομένας

132 2137 248 2217 ἔχοντα
271 2138 395 2216 γωνίας
416 2135 476 2210 τὰς
497 2136 581 2220 πρὸς
598 2146 668 2210 τοῖς
685 2140 729 2218 Δ,
749 2139 776 2198 Ζ
799 2136 882 2220 πρὸς
900 2136 1026 2217 ἄλληλα
1045 2136 1147 2209 λόγον

132 2238 230 2322 ἐχέτω
250 2237 439 2323 δεδομένον,
462 2241 560 2320 λόγος
579 2235 649 2304 δὲέ
634 2242 716 2304 ἔστω
735 2263 793 2322 της
806 2243 872 2303 ΔΒ
896 2241 980 2325 πρὸς
997 2242 1059 2324 τὴν
1080 2243 1151 2306 ΖΗ

132 2343 259 2420 δοθείς
297 2345 435 2428 λέγω,
424 2346 475 2411 ότι
502 2343 558 2409 καὶ
586 2355 644 2428 τῆς
666 2351 735 2410 ΑΛ
762 2347 845 2431 πρὸς
872 2348 934 2430 τὴν
955 2351 1019 2410 ΕΖ
1048 2352 1147 2430 λόγος

79 2463 113 2510 20
132 2449 274 2515 δέδοται.

198 2559 229 2620 εί
250 2551 372 2640 μὲν
334 2579 397 2621 ουν
420 2556 635 2638 ίσογώνιόν’
619 2573 688 2622 εστι
705 2559 743 2622 τὸ
760 2561 826 2622 ΑΒ
850 2561 1148 2644 ταραλληλόγραμ

131 2685 196 2746 μον
219 2672 264 2750 τῷ
290 2666 362 2726 ΕΗ
379 2663 721 2750 ταραλληλογραμμω,
745 2666 902 2748 φανερόν.

198 2770 229 2832 εί
246 2764 333 2832 δὲ’
302 2771 352 2852 ού,
376 2769 563 2833 σννεστατω
582 2770 665 2855 πρὸς
683 2779 722 2855 τῇ
736 2774 803 2833 ΑΒ
822 2767 877 2833 καὶ
895 2780 941 2834 τω
959 2771 1043 2855 πρὸς
1062 2763 1165 2861 αὐτῇς

132 2878 253 2961 σημείω
277 2883 323 2961 τῷ
341 2880 375 2938 Δ
397 2884 436 2960 τῇ
455 2874 520 2939 ὑπὸ
539 2886 607 2940 τῶν
624 2879 734 2939 ΕΖΗ
751 2879 857 2962 γωνία
881 2881 935 2958 ίση
954 2875 1009 2959 νῆ’
992 2877 1058 2940 υπὸ
1078 2864 1171 2942 τῶν
1183 2920 1186 2925 -

204 3142 227 3191 1
249 3140 310 3190 ΕΗ
344 3137 440 3190 EAb.
495 3135 612 3206 τό(α1λ.)
647 3151 699 3189 om.
719 3154 744 3190 v
809 3141 833 3190 3
855 3135 972 3192 έστνν
1034 3144 1058 3192 6
1080 3139 1144 3210 ΓΖ]

134 3211 189 3260 ΖΓ
202 3226 228 3275 v,
250 3212 343 3261 ΓΔ.
407 3212 430 3262 7,
450 3204 546 3261 ααί-
562 3204 679 3277 8σ.τί]
698 3206 779 3276 λόγος
798 3206 853 3275 ἄρα
835 3228 910 3262 ααν
891 3207 1057 3278 αὶτῆςΕΘ
1075 3209 1146 3277 πρὸς

131 3278 183 3346 τὴν
204 3279 300 3333 PZb
356 3283 398 3332 10.
421 3281 513 3331 zrv.
570 3277 632 3344 Seq.
653 3277 802 3332 demonstr
820 3278 919 3348 altera,
938 3297 964 3334 u
980 3297 1044 3349 app
1102 3284 1143 3334 13.

132 3368 168 3401 κα
148 3299 309 3418 oc.-l(alt)
325 3354 366 3403 14.
387 3345 554 3419 δεδομένον]
573 3347 617 3400 bis
636 3348 710 3417 Vah,
730 3348 779 3403 alt.
800 3349 853 3403 del.
873 3367 909 3403 m
931 3355 954 3405 1.
1019 3347 1131 3486 Ιδμεία

132 3416 245 3484 μίανλο.
300 3418 538 3490 πλεορᾜοιηλ)
604 3393 765 3474 14.ἔέιτ
829 3371 1104 3493 14.έγῃ-1ἴ>.ί7ξ

133 3503 185 3541 om.
206 3490 223 3557 β
247 3492 313 3557 (non
331 3491 368 3559 b)
461 3497 501 3544 16.
525 3440 811 3562 παραλληλόγραμμα]
836 3508 904 3547 corr
924 3508 959 3545 ex
981 3439 1144 3561 παράλληλα
