2400 3840
535 131 640 184 DATA.
1052 127 1095 193 69

149 280 291 361 ponatur
313 275 400 340 enim
422 281 511 340 reeta
533 274 696 359 positione
720 275 795 338 data
813 279 900 360 AM,
923 274 1098 338 terminata

79 384 117 447 in
152 385 274 468 puncto
307 389 354 467 A,
390 385 533 446 ceterum
570 384 679 445 autem
709 380 851 463 infinita,
888 384 921 443 et
956 386 1097 465 ponatur

80 493 153 553 ΔΕ
166 519 208 542 =
223 492 297 552 AB.
335 489 391 553 sed
414 489 490 552 data
513 492 563 551 est
582 492 656 551 ΑΒ.
694 508 792 570 quare
814 486 913 550 etiam
931 491 1001 550 ΔΕ
1022 487 1098 551 data

721 598 770 657 est
799 591 939 676 [def.1].
983 613 1097 656 uerum

718 698 817 763 etiem
834 698 997 783 positione
1022 698 1096 761 data

718 805 1097 888 estetdetnmestpuno·

718 916 789 975 tum
799 917 832 974 A
838 936 846 996 3
866 910 978 994 itaque
997 911 1097 975 etiam

610 1001 642 1051 Η
646 1044 683 1094 Μ
719 1022 751 1081 Ε
776 1018 888 1082 datum
913 1022 964 1082 est
991 1016 1095 1102 [prop.

718 1123 873 1208 XXVH].
956 1129 1097 1209 ponatur

718 1234 915 1296 EZ=BE
949 1232 1004 1296 sed
1022 1232 1098 1295 data

718 1339 769 1399 est
783 1340 853 1401 ΒΓ.
882 1360 982 1421 quare
997 1337 1096 1402 etiarn

718 1446 783 1506 ΕΖ
802 1442 877 1506 date
896 1447 946 1507 est
965 1442 1040 1526 [def.
1055 1442 1095 1525 1].

721 1570 834 1612 uerum
876 1548 974 1612 etiarn
1012 1547 1098 1631 posi-

78 1652 173 1717 tione
192 1652 268 1715 deta
286 1657 344 1716 est.
378 1657 411 1717 et
430 1653 541 1717 datum
561 1656 611 1717 est
628 1657 787 1737 punctum
804 1658 846 1737 Ε,
869 1654 980 1736 itaque
999 1654 1098 1717 etiam

80 1765 109 1824 Z
124 1759 237 1822 datum
252 1761 303 1821 est
317 1756 421 1842 [prop.
431 1756 582 1842 XXVH].
612 1761 754 1842 ponatur
767 1763 876 1823 eutem
892 1763 966 1823 ΖΗ
970 1790 1012 1813 --
1023 1762 1097 1824 ΑΓ.

79 1866 139 1931 sed
148 1866 224 1929 data
233 1867 326 1928 estA
332 1867 366 1928 Γ.
386 1887 485 1950 quare
495 1864 594 1929 etiam
604 1868 677 1928 ZH
688 1865 763 1928 data
773 1870 824 1930 est
833 1866 908 1950 [def.
921 1866 964 1951 1].
983 1888 1097 1930 uerum

78 1972 180 2037 etiem
207 1970 370 2056 positione
399 1971 474 2035 deta
501 1976 559 2036 est.
605 1975 638 2035 et
667 1972 778 2036 datum
802 1976 852 2036 est
873 1976 1030 2056 punctum
1056 1977 1097 2056 Ζ,

77 2079 190 2160 itaque
210 2077 309 2142 etiarn
323 2081 363 2141 H
377 2078 488 2143 datum
503 2081 553 2141 est
572 2078 676 2163 [prop.
691 2075 840 2160 XXVH].
878 2083 912 2142 et
930 2083 1041 2143 centro
1058 2083 1097 2164 E,

77 2184 172 2248 radio
201 2189 310 2248 autem
337 2188 405 2248 EA
432 2184 570 2249 oiroulus
600 2185 803 2250 describatur
825 2188 940 2250 ΛΚΘ.
987 2185 1095 2268 itaque

77 2297 113 2355 Δ
120 2292 155 2354 Κ
159 2293 188 2354 Θ
214 2291 309 2355 datus
338 2295 388 2354 est
415 2291 576 2375 positione
601 2292 676 2376 [def.
697 2292 741 2376 6].
787 2315 899 2357 rursus
923 2297 1034 2358 centro
1060 2297 1096 2377 Z,

77 2396 172 2461 radio
200 2400 309 2461 autern
334 2400 406 2461 ΖΗ
429 2397 568 2462 oiroulus
597 2399 798 2464 describatur
821 2402 939 2464 ΗΚΛ.
984 2398 1095 2481 itaque

77 2505 191 2566 ΗΚΛ
218 2502 314 2567 datus
342 2506 392 2567 est
418 2502 580 2587 positione
609 2503 690 2589 [ib.].
746 2505 801 2569 sed
829 2505 928 2570 etiam
956 2504 1095 2570 oiroulus

76 2615 112 2673 A
119 2610 187 2672 ΚΘ
215 2607 379 2692 positione
407 2609 501 2673 datus
526 2605 590 2696 [est.
646 2631 723 2695 ergo
753 2609 851 2674 etiam
878 2615 1036 2695 punctum
1063 2612 1099 2672 K

78 2715 192 2778 datum
212 2719 262 2779 est
281 2713 385 2798 [prop.
399 2713 517 2798 XXV}
554 2737 668 2780 nerum
689 2716 788 2780 etiam
807 2720 981 2799 utrumque
998 2737 1096 2799 pune-

76 2826 151 2884 tum
174 2825 213 2906 E,
238 2825 265 2885 Z
297 2820 407 2885 datum
440 2825 497 2886 est.
547 2821 657 2906 itaque
689 2843 901 2905 unaquaeque
933 2826 1095 2886 rectarum

77 2929 160 3011 ΚΕ,
191 2931 268 3011 ΕΖ,
301 2929 369 2989 ΖΚ
400 2926 564 3010 positione
604 2931 637 2990 et
673 2927 896 3013 magnitudine
933 2927 1009 2990 date
1045 2931 1096 2991 est

77 3034 185 3118 [prop.
205 3031 338 3116 XXVH.
375 3054 453 3118 ergo
474 3032 657 3118 triangulus
676 3035 777 3097 ΚΕΖ
800 3033 894 3096 datus
914 3036 964 3095 est
989 3032 1095 3116 speeie

76 3139 155 3225 [def.
172 3138 216 3223 3].
252 3144 285 3203 et
300 3138 443 3222 aequalis
458 3142 491 3203 et
505 3138 620 3202 similis
637 3142 686 3201 est
705 3137 870 3222 triangulo
885 3140 991 3201 ΑΒΓ
1006 3136 1045 3222 [L
1061 3139 1095 3224 83

73 3246 101 3332 Ι,
126 3247 161 3331 4,
192 3244 250 3329 VI,
276 3243 402 3327 def.1].
456 3266 534 3330 ergo
567 3245 751 3329 triangulus
785 3248 890 3308 ΑΒΓ
916 3243 1010 3308 datus
1044 3248 1094 3307 est

75 3351 185 3437 speeie
209 3350 284 3434 [def.
304 3349 348 3434 3].
