2400 3840
139 154 204 218 286
561 158 726 210 SCHOLIA.

138 298 243 363 αὐτοῦ
275 299 450 365 δεδόσδαι·
486 309 589 366 τᾶσαι
621 301 684 386 γάρ
714 302 800 366 εἰσιν
831 301 938 388 ὀρθαί
942 321 949 337 ·
986 300 1044 367 καὶ
1079 304 1153 379 τοὺς

139 407 260 487 λόγους
291 402 328 471 δέ
355 417 423 471 τῶν
449 411 617 493 πλευρῶν·
649 416 752 472 πᾶσαι
780 405 842 494 γάρ
870 409 957 472 εἰσιν
984 413 1069 472 ἴσαι·
1093 398 1154 473 Ικαὶ

139 511 202 597 γὰρ
231 512 272 577 οὐ
295 520 364 577 τῶν
387 511 513 583 ἀνίσων
535 516 649 597 μόνων
672 510 740 578 έστὶ
764 515 876 597 λόγος,
904 510 1068 580 ἀλλὰκαὶ
1091 526 1155 580 τῶν

140 622 230 683 ἴσων.
267 617 322 682 καὶ
346 616 415 684 ἐπεὶ
438 621 579 684 ἔκκειται
601 620 639 684 τὸ
662 619 884 706 τετράγωνον·
908 619 1154 707 ἀναγέγραπται

103 723 215 809 ὄναρ·
249 725 394 810 δύναμαι
422 725 511 814 αὐτῷ
540 732 616 790 ἴσον
642 728 861 812 πορίσασθαι·
892 724 948 791 καὶ
971 727 1030 791 διὰ
1057 736 1153 792 τοῦτο

139 829 271 895 δέδοται
298 829 354 895 καὶ
381 841 427 920 τῷ
454 830 588 915 μεγέθει
615 829 670 897 καὶ
694 832 775 897 αὐτὸ
803 834 840 898 τὸ
863 833 1074 919 τετράγωνον
1101 829 1153 900 καὶ

139 934 256 1021 ἑκάστη
279 937 384 1002 αὐτοῦ
407 939 542 1023 πλευρά.

512 1114 564 1179 Ad
586 1137 677 1199 prop.
700 1114 786 1180 LIII.

207 1229 280 1292 102.
303 1228 338 1292 P.
352 1229 404 1314 96,
416 1207 453 1312 1]
465 1228 627 1315 δεδομένα
640 1240 687 1319 τῷ
702 1231 783 1295 εἴδει
797 1229 877 1295 καθ’
889 1228 990 1295 ἑαυτὰ
1005 1229 1151 1297 ἕκαστον.

86 1357 119 1404 10
209 1344 281 1408 103.
318 1347 383 1427 Τῆς
405 1339 443 1407 δὲ
466 1349 534 1409 ΛΒ
555 1368 587 1428 p.
607 1348 659 1430 96,
679 1345 714 1430 8]
737 1345 908 1410 ὑπόκειται
934 1346 999 1432 γὰρ
1024 1344 1061 1412 έν
1088 1356 1154 1423 τοϊς

139 1448 243 1535 ὅροις·
272 1448 433 1534 δεδομένα
456 1450 519 1535 γάρ
544 1450 612 1516 ἐστι
634 1461 680 1539 τῷ
705 1452 795 1516 εἴδει.

512 1627 565 1692 Ad
586 1649 678 1712 prop.
701 1625 783 1692 LIV.

208 1743 278 1806 104.
309 1741 461 1826 Ἐδείχθη
484 1743 547 1825 γδιρ
572 1742 609 1807 ἐν
630 1752 677 1822 τῷ
701 1746 822 1830 σχολίμ
845 1752 891 1831 τῷ
915 1742 952 1807 έν
974 1754 1046 1819 τοῖς
1067 1744 1154 1829 τρώ-

138 1871 208 1924 τοις
231 1852 376 1932 σχολίοις
398 1857 459 1913 τοῦ
480 1851 556 1935 πρό,
580 1850 664 1913 ὅπου
688 1852 824 1934 σημεῖόν
847 1847 916 1914 ἐστι
934 1849 1011 1914 τόδε
1030 1854 1070 1933 P,
1096 1851 1154 1932 ὅτι,

85 1969 118 2016 15
138 1952 196 2018 ἐὰν
219 1952 253 2018 α’
276 1955 359 2040 πρὸς
381 1953 416 2038 β’
441 1957 542 2038 λόγον
568 1958 625 2041 έχρ
651 1954 845 2040 δεδομένον,
873 1949 895 2042 ᾖ
918 1951 955 2020 δὲ
978 1953 1035 2020 καὶ
1058 1957 1096 2020 τὸ
1121 1952 1154 2039 γ’

138 2057 328 2145 δεδομένον,
347 2059 402 2124 καὶ
416 2059 549 2144 γένηται
564 2061 609 2138 ὡς
622 2063 659 2127 τὸ
674 2061 709 2126 α’
723 2064 806 2148 πρὸς
819 2063 856 2127 τὸ
870 2060 916 2145 β’,
940 2061 1047 2138 οὕτως
1065 2063 1103 2127 τὸ
1122 2059 1154 2146 γ’

137 2166 226 2252 πρὸς
245 2168 325 2230 ἄλλο
344 2191 376 2230 τι
399 2168 436 2232 τὸ
460 2166 504 2251 δ’,
537 2166 647 2232 οὐκέτι
674 2167 730 2232 καὶ
753 2166 890 2246 ἐναλλὰξ
918 2171 1020 2251 λόγον
1045 2166 1155 2246 ἕξουσι

138 2270 328 2357 δεδομένον,
348 2273 463 2360 διόπερ
481 2272 537 2340 καὶ
556 2274 704 2339 ἐνταῦθα
723 2273 833 2340 οὐκέτι
845 2282 907 2338 τοῦ
921 2272 1061 2352 ἐναλλὰξ
1081 2271 1156 2361 εὗρε

137 2378 196 2442 τὸν
215 2380 316 2460 λόγον
335 2378 446 2444 αὐτῶν
465 2379 655 2465 δεδομένον,
675 2379 759 2445 ἀλλὰ
777 2382 894 2464 ἄλλως,
913 2380 958 2457 ὡς
975 2389 1041 2446 νῦν
1059 2380 1154 2463 λέγει.

84 2517 119 2564 20
208 2501 278 2566 105.
305 2500 421 2566 Ἔστιν
452 2505 517 2588 ἄρα
549 2504 594 2580 ὡς
622 2504 643 2588 ἡ
668 2507 728 2570 ΓΛ
755 2529 786 2589 p.
811 2506 869 2591 96,
895 2503 953 2589 24]
982 2502 1041 2570 έδιν
1067 2516 1156 2590 τρεῖς

137 2606 266 2671 εὐθεῖαι
285 2605 451 2690 ἀνάλογον
470 2604 562 2693 ὦσιν,
586 2609 631 2686 ὡς
649 2608 669 2692 ἡ
689 2608 723 2675 α’
741 2612 825 2696 πρὸς
842 2611 904 2695 τὴν
923 2608 967 2694 γ’,
991 2609 1099 2686 οὕτως
1117 2612 1153 2675 τδ

137 2712 201 2777 ἀπὸ
228 2722 286 2797 τῆς
313 2715 445 2799 πρώτης
471 2711 559 2793 εἶδος
585 2719 669 2803 πρὸς
696 2719 733 2782 τὸ
761 2717 825 2782 οάτδ
848 2726 906 2801 τῆς
930 2715 1088 2803 δευτέρας
1115 2719 1152 2782 τὸ

137 2820 253 2903 ὅμοιον
275 2818 331 2885 καὶ
354 2821 476 2906 ὁμοίως
498 2822 799 2909 ἀναγεγραμμένον.

209 2984 268 3033 102.
285 2983 344 3033 103.
358 2978 548 3033 PlVatMon.
556 2979 582 3033 S.
639 2980 954 3047 104.P1Vat.vMon.9.
1007 2979 1151 3034 105.P1v.

209 3125 233 3173 1.
253 3119 327 3173 Ante
346 3118 395 3175 mxl
414 3121 478 3175 add.
499 3120 638 3177 δεδόσθαι
656 3119 688 3176 δέ
707 3122 801 3177 Ambr.
876 3127 900 3175 2.
920 3116 969 3192 δέ]
988 3136 1042 3174 om.
1057 3120 1154 3175 Ambr.

172 3196 196 3244 3.
221 3189 328 3281 μόνον]
352 3191 439 3261 μόνον
458 3192 522 3246 Vat.
538 3195 648 3284 (comp.)
665 3193 790 3260 Ambrp.
883 3191 897 3247 ὁ
916 3190 997 3260 λόγος
1024 3191 1153 3282 τΜονρ

172 3266 214 3317 13.
239 3261 305 3332 γαρ]
329 3279 382 3317 om.
402 3263 497 3332 δαὴρ.
588 3283 642 3333 γαρ
662 3295 695 3305 -
715 3270 757 3317 14.
784 3265 819 3335 P]
844 3279 943 3319 01111.
1036 3265 1078 3317 14.
1102 3282 1152 3318 τον

135 3359 202 3431 πρό]
221 3367 270 3429 τῆς
289 3341 315 3417 ffi
335 3358 534 3430 (ὑποδέσεωςῖ)
554 3360 572 3415 l.
633 3366 674 3415 15.
695 3358 850 3429 δεδομένον
870 3359 917 3432 ἔχῃ
936 3358 1033 3428 Ἶσδρ.
1091 3358 1152 3432 ἔχῃ]

137 3429 194 3500 ἔχει
207 3431 281 3485 Mon.
347 3426 378 3504 ᾗ]
393 3431 429 3499 ἥν
444 3432 539 3500 Ἶαδρ.
596 3435 638 3486 17.
658 3429 707 3487 καί
737 3430 808 3500 πρός
822 3452 845 3500 ρ.
901 3430 997 3502 λόγον]
1013 3446 1067 3484 0111.
1078 3431 1154 3485 Mon.

173 3506 214 3554 19.
229 3501 310 3573 ἀλλά]
330 3499 389 3556 ἀλλ’
410 3502 449 3556 Ισ.
524 3508 566 3557 22.
586 3433 729 3574 &svve'poesI
749 3501 810 3573 ἴσης
829 3505 940 3573 (comp.)
953 3501 985 3571 P,
1009 3501 1039 3573 β’
1060 3519 1084 3557 σ.
