2400 3840
140 153 206 216 228
553 152 744 202 ΑΡΡΕΝΒΙΧ.
827 195 831 202 .

142 303 210 379 ἴση·
236 297 415 378 ἰσογώνιον
438 297 501 379 ἄρα
526 292 594 358 ἐστὶ
617 295 654 357 τὸ
678 298 779 357 ΕΑΒ
802 296 968 378 τρίγωνον
990 302 1037 380 τῷ
1063 296 1155 357 ΓΑΒ

141 405 307 490 τριγώνῳ·
340 405 430 466 ἔστιν
453 403 532 486 ἄρα,
556 401 600 475 ὡς
622 399 642 482 ἡ
667 405 734 463 EA
757 401 839 484 πρὸς
861 401 923 483 τὴν
946 403 1028 482 AB,
1052 399 1158 476 οὕτως

142 509 162 592 ἡ
187 513 248 573 ΓΔ
275 510 358 593 πρὸς
385 509 447 591 τὴν
470 511 550 570 AB·
582 505 602 588 ἡ
631 502 668 569 δὲ
691 510 760 569 EA
788 508 1040 591 συναμφότερός
1068 505 1158 571 ἐστιν

142 614 162 697 ἡ
182 617 295 678 ΑΓΒ·
320 614 364 687 ὡς
384 615 447 697 ἄρα
467 615 717 696 συναμφότερος
737 610 757 693 ἡ
777 614 876 675 ΑΓΒ
900 613 983 696 πρὸς
1001 613 1063 695 τὴν
1084 617 1159 694 AB,

109 738 125 784 5
145 720 253 795 οὕτως
275 720 295 803 ἡ
315 722 377 783 ΓΑ
400 721 483 804 πρὸς
505 720 567 802 τὴν
585 723 660 782 BA·
684 716 740 782 καὶ
762 716 899 794 ἐναλλὰξ
918 719 992 802 ἄρα,
1017 718 1063 793 ὡς
1082 737 1161 783 συν-

144 828 330 911 αμφότερός
357 824 447 889 ἐστιν
474 825 494 908 ἡ
518 827 617 889 ΑΓΒ
645 825 728 908 πρὸς
750 825 812 907 τὴν
836 826 910 906 ΓΔ,
939 824 1046 899 οὕτως
1069 823 1160 890 ἐστὶν

144 933 164 1015 ἡ
192 936 260 995 ΑΒ
292 933 375 1016 πρὸς
402 933 464 1015 τὴν
491 935 571 995 AB·
605 933 703 1012 λόγος
731 928 770 994 δέ
796 929 864 993 ἐστι
891 939 950 1012 τῆς
977 934 1045 993 ΑΒ
1078 932 1161 1016 πρὸς

143 1040 205 1120 τὴν
227 1041 295 1101 AB
323 1038 449 1112 ὃοθείς·
484 1034 619 1121 ἑκατέρα
647 1038 709 1121 γὰρ
739 1035 851 1100 αὐτῶν
879 1037 1028 1099 δοθεῖσα·
1062 1039 1161 1118 λόγος

145 1146 208 1227 ἄρα
236 1142 306 1207 ἐστὶ
332 1141 387 1207 καὶ
415 1142 668 1227 συναμφοτέρου
695 1152 753 1225 τῆς
776 1144 875 1205 ΑΓΒ
903 1143 986 1226 πρὸς
1013 1143 1076 1225 τὴν
1102 1144 1161 1205 ΓΑ

93 1265 125 1312 10
144 1249 266 1322 δοθείς.

210 1351 265 1418 καὶ
298 1350 367 1416 ἐπεὶ
401 1354 578 1434 ἰσογώνιόν
610 1353 679 1417 ἐστι
712 1356 750 1418 τὸ
783 1358 883 1418 ΕΑΒ
916 1355 1083 1438 τρίγωνον
1117 1363 1161 1440 τῷ

147 1463 242 1522 ZBA
265 1460 432 1546 τριγώνῳ,
462 1462 553 1523 ἔστιν
580 1461 658 1544 ἄρα,
686 1460 731 1534 ὡς
753 1459 773 1541 ἡ
798 1464 865 1523 EA
892 1460 976 1544 πρὸς
998 1460 1060 1542 τὴν
1085 1465 1161 1542 AB,

75 1572 79 1579 '
146 1565 250 1640 οὕτως
273 1564 293 1646 ἡ
318 1570 380 1630 BA
408 1567 491 1650 πρὸς
513 1567 575 1649 τὴν
598 1570 677 1629 AZ·
710 1566 730 1648 ἡ
755 1561 791 1628 δὲ
814 1570 881 1629 EA
909 1569 1162 1651 συναμφότερός

146 1670 236 1736 ἐστιν
263 1673 283 1754 ἡ
312 1675 424 1736 ΑΓΒ·
458 1672 503 1747 ὡς
530 1673 594 1756 ἄρα
622 1674 873 1756 συναμφότερος
900 1672 920 1755 ἡ
949 1675 1050 1735 ΑΓΒ
1078 1675 1162 1757 πρὸς

95 1792 128 1840 15
147 1779 208 1859 τὴν
235 1782 315 1860 AB,
348 1777 454 1852 οὕτως
486 1777 505 1859 ἡ
534 1781 598 1841 BA
626 1778 709 1861 πρὸς
736 1778 797 1860 τὴν
824 1782 903 1841 ΑΖ·
936 1779 973 1841 τὸ
1002 1779 1067 1862 ἄρα
1097 1779 1162 1843 ὑπὸ

147 1881 401 1967 συναμφοτέρου
419 1892 477 1965 τῆς
495 1886 595 1946 ΑΓΒ
614 1881 669 1947 καὶ
688 1892 745 1965 τῆς
766 1888 826 1947 ZA
851 1889 925 1948 ἴσον
944 1882 1012 1948 ἐστὶ
1030 1893 1076 1972 τῷ
1096 1885 1162 1949 ὑπὸ

146 2000 214 2052 τῶν
236 1994 317 2071 ΑΒ,
337 1993 412 2053 BA·
446 1985 550 2053 δοθὲν
578 1987 617 2052 δέ
643 1987 711 2052 ἐστι
739 1991 776 2053 τὸ
804 1989 869 2053 ὑπὸ
893 2001 961 2054 τῶν
984 1994 1066 2074 ΑΒ,
1086 1995 1163 2055 BA·

147 2096 286 2159 δοθεῖσα
314 2097 376 2180 γὰρ
405 2092 540 2179 ἑκατέρα
568 2094 691 2158 αὐτῶν·
717 2091 829 2159 δοθὲν
856 2097 920 2180 ἄρα
949 2094 1017 2160 ἐστὶ
1045 2095 1101 2160 καὶ
1125 2100 1162 2162 τὸ

147 2201 212 2265 ὑπὸ
237 2199 491 2285 συναμφοτέρου
515 2209 572 2283 τῆς
596 2204 698 2264 ΑΓΒ
721 2199 857 2283 καὶτῆς
882 2206 950 2265 ZA.

93 2426 129 2475 νο
628 2413 680 2476 21.

502 2515 554 2580 Ad
576 2539 668 2601 prop.
692 2515 806 2581 XCIII.

572 2639 726 2716 Ἄλλως.

216 2765 356 2847 Διήχθω
381 2764 400 2846 ἡ
424 2767 495 2828 ΑΓ
516 2762 568 2829 ἐπὶ
591 2767 627 2829 τὸ
653 2771 694 2848 Z,
722 2764 777 2830 καὶ
804 2769 928 2831 κείσθω
953 2778 993 2852 τῇ
1017 2772 1080 2832 ΒΑ
1109 2774 1163 2851 ἴση

148 2870 168 2953 ἡ
194 2873 265 2953 ΓΖ,
287 2868 342 2934 καὶ
359 2870 615 2955 ’ἐπεζεύχθωσαν
638 2873 675 2935 αἱ
696 2876 768 2954 BA,
787 2875 864 2956 ΔΓ,
882 2879 916 2937 A
923 2878 959 2938 Z.

220 3070 243 3116 1.
264 3060 335 3134 ἐστί]
356 3079 445 3116 om.v.
500 3069 524 3116 2.
546 3063 609 3132 ΕΑ]
627 3066 719 3116 AEa.
776 3068 799 3117 3.
820 3065 884 3134 AB]
905 3069 953 3118 BA
968 3081 992 3118 a.
1049 3065 1162 3137 ἡ(α11.)]

148 3143 181 3204 τῇ
200 3152 224 3188 a.
317 3138 340 3186 5.
366 3134 426 3205 BA]
445 3137 498 3187 AB
516 3133 580 3187 vat.
601 3136 660 3201 (BA
678 3152 713 3187 m.
734 3136 774 3201 2),
801 3151 826 3188 a.
917 3140 941 3188 6.
966 3133 1066 3206 οὕτως]
1086 3156 1164 3190 τουτ-

149 3203 222 3260 έστιν
241 3222 267 3272 V,
287 3221 354 3258 corr.
374 3222 409 3258 m.
430 3210 454 3258 2.
529 3201 614 3274 ἐστίν]
634 3221 687 3257 om.
707 3204 771 3258 Vah.
846 3210 869 3259 7.
890 3207 955 3276 AB]
974 3211 1024 3261 BA
1043 3223 1074 3276 a,
1094 3207 1163 3261 imm

148 3274 196 3328 lin.
217 3281 240 3328 8.
333 3280 356 3328 8.
386 3276 491 3347 αὐτῶν]
516 3276 602 3344 αὐτῆς
625 3273 681 3328 ἐστι
704 3292 729 3328 ει.
822 3281 845 3329 9.
876 3276 1087 3345 συναμφότερος
1109 3278 1162 3331 Pv.

185 3352 225 3398 12.
247 3348 383 3416 EA]AE
401 3346 430 3398 P.
490 3351 531 3398 14.
552 3345 771 3418 ἐστινὴΑΓΒ]
792 3345 847 3400 ἐστι
865 3356 899 3418 τῇ
917 3351 1042 3403 ABPa.
1099 3366 1163 3403 συν-

148 3415 304 3483 αμφότερός
323 3415 397 3470 ἐστιν
416 3433 441 3470 a.
504 3423 544 3471 15.
570 3414 655 3477 οὕτως
675 3415 747 3473 ἐστίν
767 3435 791 3471 υ.
849 3423 890 3472 16.
910 3426 959 3488 τῆς
973 3420 1048 3490 (pr.)]
1069 3428 1118 3474 τοῦ
1138 3438 1162 3473 a.

186 3492 225 3539 17.
246 3496 301 3540 τῶν
312 3488 385 3556 (pr.)]
399 3495 447 3556 τῆς
462 3504 486 3541 a.
541 3491 600 3555 AB,
612 3491 659 3542 BA
669 3489 743 3559 (pr.)]
753 3494 775 3541 A
782 3492 830 3542 BA
840 3505 892 3543 va.
947 3492 1006 3559 AB,
1018 3495 1068 3544 BA
1079 3490 1162 3562 (alt-Q]
