2400 3840
535 167 639 218 DATA.
1050 166 1091 230 79

76 312 231 380 ΕΔ>Ζ
254 306 365 392 [V,16;
384 306 504 392 V‚14].
540 313 670 393 aptetur
687 313 837 373 rectan
861 311 1004 394 aequalis
1019 314 1097 374 ΔΗ

76 412 150 498 [1V‚
167 412 211 498 1],
235 435 251 478 e
286 414 422 478 ducatur
436 417 476 477 H
476 418 515 498 E,
537 418 570 477 et
590 419 701 479 centro
716 421 758 499 A,
780 415 872 480 radio
896 421 1005 480 autem
1019 421 1097 480 ΔΗ

76 519 218 584 circulus
250 519 451 584 describatur
467 564 470 571 -
485 523 603 584 ΘΗΚ.
662 521 773 605 itaque
809 521 949 586 circulus
984 525 1096 586 ΘΗΚ

76 627 173 691 datus
197 630 248 691 est
270 626 433 710 positione
457 625 532 709 [def.
553 626 601 711 6];
632 649 709 690 nam
734 628 846 691 datum
865 631 915 690 est
933 627 1001 691 eius
1021 649 1092 691 cen-

74 738 166 797 trum
194 732 357 817 positione
385 736 419 795 et
441 732 550 796 radius
579 732 810 818 magnitudine.
857 755 970 798 uerum
993 733 1092 797 etiam

76 838 300 904 semicirculus
315 841 426 904 ΔΗΕ
437 838 600 922 positione
616 839 710 903 datus
726 843 784 904 est.
812 840 922 923 itaque
936 843 1092 923 punctum

389 1560 688 1649 —ffKEZB

72 1727 116 1788 H
149 1724 262 1788 datum
298 1729 347 1788 est
380 1724 485 1810 [prop.
513 1724 630 1809 XXV]
691 1726 748 1790 sed
784 1725 883 1789 etiam
917 1729 1090 1807 utrumque

72 1833 234 1914 punctum
258 1836 301 1915 Δ,
318 1835 350 1894 Ε
375 1832 488 1895 datum
512 1836 570 1895 est.
616 1831 726 1914 itaque
752 1852 963 1914 unaquaeque
989 1835 1090 1895 recta-

72 1958 149 2000 rum
171 1938 249 2020 ΗΔ,
267 1941 343 2021 ΔΕ,
361 1941 436 2000 ΕΗ
453 1937 615 2021 positione
639 1940 672 2000 et
695 1936 918 2022 magnitudine
942 1937 1017 2000 data
1040 1941 1091 2001 est

73 2041 181 2126 [prop.
200 2041 334 2126 XXVI}
372 2063 449 2127 ergo
473 2041 656 2127 triangulus
676 2046 780 2106 ΗΔΕ
801 2043 896 2106 datus
916 2046 965 2108 est
984 2042 1090 2126 specie

74 2148 182 2232 [prop.
209 2147 373 2232 XXXIX}
432 2148 498 2212 iam
531 2149 684 2231 quoniam
721 2150 784 2213 duo
821 2149 978 2235 trianguli
1014 2152 1090 2213 sunt

72 2257 190 2338 ΑΒΓ,
212 2257 325 2318 ΔΕΗ
351 2276 452 2318 unum
485 2255 639 2340 angulum
674 2256 730 2319 uni
765 2257 885 2342 angulo
923 2255 1089 2339 aequalem

71 2360 248 2446 habentes,
280 2364 598 2436 LBAF=AHE
619 2361 698 2448 [HL
721 2362 792 2448 31],
825 2367 858 2426 et
881 2362 984 2426 latera
1006 2362 1087 2426 alios

72 2467 157 2530 duos
178 2467 314 2552 angulos
335 2470 438 2551 ΓΒΑ,
453 2470 566 2531 ΕΔΗ
585 2469 890 2552 comprehendentia
908 2468 1090 2552 proportio·

71 2571 164 2637 nalia
186 2577 219 2637 et
241 2573 382 2656 reliquos
407 2573 543 2658 angulos
564 2577 592 2637 Β
599 2577 667 2658 ΓΑ,
689 2579 801 2639 ΔΕΗ
822 2574 968 2660 singulos
992 2574 1090 2638 simul

72 2678 217 2743 minores
240 2683 330 2744 recto
354 2679 397 2763 [1,
423 2679 492 2764 17],
519 2680 581 2744 erit
604 2680 639 2748 Δ
654 2684 801 2745 ΑΒΓΜ
816 2685 928 2745 ΔΕΗ
947 2680 1022 2765 [VL
1046 2680 1089 2763 7].

73 2785 132 2849 sed
155 2783 190 2852 Δ
204 2788 316 2848 ΔΕΗ
345 2785 438 2848 datus
470 2789 520 2850 est
548 2786 662 2869 specie.
713 2808 791 2871 ergo
819 2786 918 2857 etiam
941 2786 976 2854 Δ
991 2789 1096 2851 ΑΒΓ

73 2892 171 2956 datus
195 2895 245 2954 est
269 2890 374 2974 specie
399 2889 474 2973 [def.
494 2891 537 2974 3].

524 3048 640 3114 XLIV.

142 3161 178 3228 si
196 3162 379 3248 triangulus
398 3185 499 3227 unum
519 3165 674 3250 angulum
694 3165 807 3228 datum
821 3165 922 3229 habet
941 3170 974 3229 ct
987 3165 1091 3229 latera

72 3269 176 3334 alium
213 3270 368 3356 angulum
401 3270 707 3354 comprehendentia
743 3270 830 3335 inter
864 3294 898 3336 se
930 3271 1088 3336 rationem

69 3377 197 3440 habent
220 3377 339 3460 datam,
361 3376 545 3461 triangulus
569 3379 665 3442 datus
689 3382 739 3442 est
763 3378 877 3463 specie.

145 3514 177 3567 In
196 3514 218 3567 P
236 3519 265 3568 K
281 3518 407 3570 centrum
426 3519 470 3570 est
489 3503 663 3572 semicirculi.
