2400 3840
114 165 180 229 284
536 164 701 217 scnoffl.

115 308 248 374 δέδοται
275 319 315 394 τῇ
338 305 431 373 θέσει
457 305 511 372 καὶ
534 316 580 395 τῷ
603 305 752 391 μεγέθει,
785 303 947 371 ὥστεκαὶ
971 306 989 371 ὁ
1013 307 1130 382 κύκλος

115 416 171 480 διὰ
194 416 254 480 τὸν
277 412 399 502 ὅρονέ)

471 571 524 638 Ad
546 594 637 656 prop.
661 572 776 637 XLIV.

185 701 236 763 94.
269 700 329 782 Μὴ
353 701 436 762 ἔστω
455 699 498 780 δή
520 720 551 780 p.
566 698 618 781 80,
639 696 674 780 6]
703 699 735 761 εί
751 696 815 781 γδιρ
834 696 1015 779 ὑποτεθείη
1035 696 1131 782 ὀρθή,

81 816 97 863 5
117 805 222 881 εὐθὺς
244 804 377 870 δέδοται
399 814 446 892 τῷ
469 804 551 868 είδει
574 803 631 867 διδ
653 804 691 867 τὸ
712 805 779 889 πρὸ
803 803 915 868 αὐτοῦ.

183 928 234 992 95.
268 930 377 1009 Λόγος
404 929 469 1010 όίρα
495 935 553 1010 τῆς
581 931 643 991 ΒΑ
669 951 700 1011 p.
725 928 782 1011 80,
807 927 863 1011 11]
892 927 949 991 διὰ
976 928 1014 992 τὸ
1044 927 1132 992 ἀντί·

116 1052 265 1120 στροφον
297 1043 357 1098 τοῦ
390 1034 472 1119 ὅρου
504 1044 572 1098 τῶν
598 1032 800 1118 Δεδομένων
827 1033 884 1098 διὰ
911 1034 948 1099 τὸ
972 1019 1019 1118 μ’.
1068 1032 1133 1099 εἰτεὶ

116 1142 194 1226 γάρ,
227 1135 275 1205 ὧν
303 1142 340 1205 αἱ
360 1143 480 1222 γωνίαι
507 1139 683 1225 δεδομέναι
710 1137 774 1204 είσὶ
800 1137 856 1204 καὶ
884 1141 919 1204 οί
944 1142 1040 1224 λόγοι
1068 1152 1133 1205 τῶν

115 1251 270 1330 πλευρῶν
287 1246 371 1330 πρὸς
389 1245 542 1328 ἀλλήλας,
566 1243 675 1310 ἐκεῖνα
694 1243 855 1329 δεδομένα
874 1247 970 1328 είσίν,
993 1245 1133 1311 καὶτῶν

64 1359 98 1407 10
117 1349 307 1434 δεδομένων
329 1352 393 1435 ἄρα
416 1360 462 1438 τῷ
486 1352 567 1415 είδει
590 1349 766 1435 δεδομέναι
789 1348 853 1415 είσί
875 1348 931 1415 καί
954 1353 993 1416 αί
1014 1356 1132 1435 γωνίαι

116 1456 171 1523 καὶ
195 1459 230 1522 οί
250 1459 344 1539 λόγοι
366 1467 435 1520 τῶν
456 1460 611 1539 πλευρῶν
633 1457 717 1543 πρὸς
740 1455 892 1539 ἀλλήλας.

485 1666 537 1731 Ad
559 1690 649 1753 prop.
672 1668 768 1734 XLV.

184 1796 236 1860 96.
260 1792 327 1859 Καὶ
346 1793 419 1858 έτεί
435 1792 525 1858 ἐστιν
543 1793 588 1868 ὡς
606 1792 626 1875 ἡ
641 1797 704 1858 ΒΑ
721 1817 753 1877 p.
768 1794 821 1880 82,
835 1794 892 1879 21]
917 1794 962 1870 ὡς
981 1794 1017 1859 έν
1036 1806 1083 1883 τῷ
1102 1794 1133 1864 ς’

117 1912 185 1964 τῶν
212 1902 383 1983 στοιχείων
410 1897 485 1986 (VI,
509 1896 557 1986 3)·
596 1897 654 1964 ἐδιν
681 1900 847 1985 τριγώνου
875 1898 895 1982 ἡ
924 1903 1030 1982 γωνία
1059 1902 1134 1986 δίχα

65 2015 98 2063 15
118 2013 244 2092 τμηθῇ,
266 2005 286 2088 ἡ
311 2002 347 2070 δὲ
370 2003 535 2090 τέμνουσα
558 2005 664 2089 αὐτὴν
687 2003 740 2070 ἐπὶ
762 2007 824 2089 τὴν
844 2006 944 2090 βόσιν
967 2006 1072 2094 ἀχθῇ,
1095 2008 1134 2072 τὰ

117 2122 176 2197 τῆς
192 2112 319 2196 βάσεως
337 2110 393 2176 καί
411 2112 452 2176 τὰ
471 2109 551 2195 ἑξῆς.
588 2113 620 2176 εί
637 2112 713 2195 δίχα
732 2111 884 2196 τέτμηται
902 2110 923 2193 ἡ
942 2112 1007 2177 ὑπὸ
1027 2116 1133 2196 ΒΑΓ,

118 2221 164 2295 ὡς
185 2219 206 2302 ἡ
230 2223 291 2284 ΓΑ
318 2219 401 2303 πρὸς
423 2222 504 2301 ΑΒ,
536 2217 557 2300 ἡ
582 2220 642 2283 ΓΛ
669 2219 753 2303 πρὸς
773 2223 855 2283 ΛΒ·
888 2216 943 2282 καὶ
971 2218 1134 2283 συνθέντι

119 2326 164 2402 ὡς
186 2327 438 2409 συναμφότερος
464 2324 484 2407 ἡ
509 2327 584 2407 ΓΑ,
603 2328 669 2388 AB
696 2326 780 2409 πρὸς
802 2328 883 2408 ΑΒ,
911 2324 932 2409 ἡ
961 2328 1022 2389 ΓΒ
1050 2326 1135 2410 πρὸς

118 2436 195 2495 ΒΛ·
227 2429 282 2495 καὶ
310 2428 448 2507 ἐναλλὰξ
477 2429 522 2506 ὡς
545 2433 795 2515 συναμφότερος
817 2429 838 2512 ἡ
863 2434 937 2514 ΓΑ,
956 2435 1024 2495 ΑΒ
1050 2432 1134 2516 πρὸς

65 2552 99 2600 νο
119 2539 191 2618 ΓΒ,
213 2534 234 2617 ἡ
253 2540 319 2600 ΑΒ
341 2537 425 2621 πρὸς
448 2539 520 2599 ΒΔ.

192 2730 217 2798 1)
241 2725 347 2780 Hicin
370 2745 408 2780 vz
432 2727 566 2781 continuo
590 2727 668 2782 αδδς
696 2725 811 2782 δέδοται
833 2728 864 2783 τὸ
888 2724 1006 2797 κέντρον
1025 2729 1085 2797 (καί
1102 2729 1134 2784 τό

119 2796 236 2866 κέντρον
255 2797 308 2868 γὰρ
326 2799 413 2853 αὐτοῦ
428 2797 542 2853 δέδοται
561 2802 585 2868 τ)
603 2807 637 2870 τῇ
651 2795 739 2853 θέσει.
769 2799 794 2852 εἰ
808 2797 861 2869 γὰρ
875 2798 922 2868 μή,
941 2798 1133 2868 μετατιτττέτω

122 2868 282 2939 (μεταπέσοι
301 2869 337 2925 ἄν
357 2872 395 2940 z)·
417 2867 608 2939 διαφυλάττον
628 2872 712 2938 (-οιτ
741 2877 790 2939 τῆς
808 2867 936 2940 ἡμισείας
953 2878 1003 2941 τῆς
1020 2876 1047 2924 Δ
1053 2874 1079 2924 Ε
1096 2876 1134 2944 τῷ

119 2939 234 3011 μεγέθει
247 2941 296 2997 καί
309 2941 361 3011 τὴν
374 2939 458 2996 θέσιν
469 2942 502 2995 οό
518 2939 657 3010 φυλάττει.
687 2942 705 2994 δ
721 2943 802 2995 δοται
816 2940 872 3009 ἄρα
890 2944 951 3067 (pro
965 2946 1003 3013 τῷ
1018 2939 1134 3030 μεγέθει

120 3045 152 3054 -
172 3012 229 3080 δρα
248 3031 285 3148 {a}
302 3013 334 3067 τὸ
358 3010 480 3082 μέγεθος
502 3012 551 3067 καί
572 3020 606 3084 τῇ
628 3009 709 3066 θέσει
733 3012 778 3068 οέί·
807 3031 898 3081 μεταττ
910 3031 972 3067 ιττει
993 3014 1037 3067 δε·
1067 3010 1134 3068 οὐδὲ

119 3082 172 3152 γὰρ
194 3082 268 3153 φυλ’
287 3087 329 3153 ει).
998 3085 1000 3090 ’

191 3265 233 3314 94.
252 3259 387 3314 PMon.S.
461 3264 503 3315 95.
523 3279 546 3315 z.
620 3265 661 3316 96.
681 3258 767 3316 ΡΙολ.

120 3435 314 3577 ΒΔ]1,,ρθσφε]
334 3435 401 3492 ὥστε
421 3434 534 3492 δέδοται
553 3438 648 3493 Ambr.
723 3444 764 3492 17.
784 3440 850 3511 ΔΒ]
868 3443 919 3492 ΑΒ
938 3438 1019 3491 codd.
1091 3444 1133 3493 19.
