2400 3840
122 109 187 175 180
524 110 745 169 AEAOMENA„

187 255 311 320 κύκλου
334 254 398 339 γὰρ
423 251 603 337 δεδομένου
630 263 670 338 τῇ
691 251 785 317 θέσει
809 260 869 316 τοῦ
892 255 961 316 ΒΓ
979 253 1133 336 εἰλήφθω

121 383 154 425 τι
177 371 313 445 σημεῖον
337 359 429 437 ἐντὸς
452 361 489 425 τὸ
512 366 545 424 A
568 358 686 442 δοθέν,
714 360 771 423 διδ
799 355 835 422 δὲ
858 367 918 423 τοῦ
941 364 974 422 A
1002 359 1134 443 διήχθω

121 491 172 543 τις
199 467 314 531 εὐθεῖα
341 467 362 549 ἡ
391 470 466 531 ΓΒ·
498 464 598 549 λέγω,
626 465 676 530 ὅτι
705 464 884 549 δεδομένον
910 463 980 529 ἐστὶ
1006 465 1043 529 τὸ
1067 466 1134 530 ὑπὸ

122 585 189 638 τῶν
213 577 315 638 ΓΑΒ.

86 691 103 739 5
188 681 339 764 είλήφθω
367 681 431 765 γὰρ
459 680 495 744 τὸ
523 677 661 764 κέντρον
688 686 749 742 τοῦ
775 679 901 742 κύκλου
932 679 969 743 τὸ
997 684 1044 761 Δ,
1078 678 1134 743 καὶ

122 786 348 870 ἐπιζευχθεῖσα
375 784 395 868 ή
424 791 490 849 ΑΔ
517 786 645 868 διήχθω
679 783 732 849 έπὶ
760 785 800 848 τὰ
829 789 870 867 Ζ,
889 790 927 849 Ε.
973 782 1043 848 ἐπεὶ
1071 781 1135 851 οὖν

123 891 227 958 δοθέν
254 891 344 957 έστιν
373 890 528 978 ἑκάτερον
554 903 623 956 τῶν
648 897 696 974 Δ,
715 896 761 974 Α,
793 890 888 956 θέσει
911 892 975 976 ἄρα
998 889 1134 975 έστὶνὴ

30 1058 38 1076 ,
122 1004 196 1063 AA.
241 997 334 1064 θέσει
357 995 394 1063 δέ
417 997 472 1063 καὶ
496 998 513 1064 ὁ
539 1001 634 1061 ΓΒΖ
662 998 795 1073 κύκλος·
829 994 932 1063 δοθέν
955 999 1019 1082 ἄρα
1043 997 1135 1063 ἐστὶν

123 1104 276 1191 ἑκάτερον
299 1116 366 1169 τῶν
386 1109 423 1187 Ζ,
442 1109 480 1168 Ε.
518 1106 586 1168 ἔστι
610 1100 646 1167 δὲ
664 1102 720 1168 καὶ
738 1105 775 1168 τὸ
797 1109 829 1167 A
852 1102 969 1169 δοθέν·
993 1104 1135 1169 δοθεῖσα

71 1225 105 1273 10
124 1213 187 1296 ἄρα
210 1208 300 1275 ἐστὶν
324 1207 459 1294 ἑκατέρα
481 1220 549 1274 τῶν
573 1214 652 1292 ΖΑ,
671 1214 756 1281 AE·
789 1206 892 1274 δοθέν
915 1211 979 1295 ἄρα
1003 1209 1072 1274 ἐστὶ
1095 1213 1134 1281 τὸ

121 1316 186 1381 ὑπὸ
213 1327 281 1380 τῶν
305 1320 383 1399 ΖΑ,
408 1321 483 1380 ΛΕ.
537 1318 595 1380 καί
621 1316 711 1381 ἐστιν
740 1322 815 1380 ίσον
843 1326 889 1403 τῷ
920 1316 985 1381 ὑπὸ
1014 1320 1082 1380 BA
1089 1321 1134 1382 Γ·

123 1418 314 1517 δοθένύρα
338 1421 406 1487 ἐστὶ
429 1420 484 1486 καὶ
506 1423 544 1486 τὸ
566 1420 632 1487 ὑπὸ
656 1433 723 1487 τῶν
750 1426 852 1487 ΓΑΒ.

593 1653 657 1736 ον’·

187 1777 264 1842 Ἐὰν
277 1780 324 1856 είς
337 1780 462 1843 κύκλον
476 1777 656 1862 δεδομένον
669 1788 714 1866 τῷ
729 1777 862 1862 μεγέθει
876 1778 991 1842 εὐθεῖα
1001 1781 1133 1864 γραμμή

73 1896 105 1944 15
125 1885 213 1971 ἀχθή
237 1884 518 1969 ἀπολαμβάνουσα
541 1893 649 1968 τμῆμα
673 1887 850 1968 δεχόμενον
873 1888 999 1967 γωνίαν
1022 1886 1135 1951 δοθεῖ-

123 2008 200 2076 σαν,
232 1990 287 2056 καὶ
313 1991 333 2074 ἡ
359 1991 395 2057 έν
420 2000 465 2080 τῷ
489 1993 630 2075 τμήματι
653 1989 763 2072 ῗγωνία
793 1992 869 2074 δίχα
896 1999 1022 2078 τμηθῇ,
1054 2010 1135 2058 συν-

123 2101 304 2184 αμφότεροι
327 2099 365 2162 αί
387 2100 448 2182 τήν
471 2095 652 2181 δεδομένην
675 2101 800 2179 γωνίαν
821 2096 1031 2183 περιέχουσαι
1051 2101 1135 2184 πρὸς

123 2208 184 2290 τήν
211 2207 287 2288 δίχα
315 2202 502 2288 τέμνουσαν
530 2205 592 2287 τήν
619 2208 745 2286 γωνίαν
775 2207 875 2286 λόγον
903 2203 1013 2282 ἕξουσι
1042 2207 1135 2271 δεδο-

123 2309 237 2396 μένον,
264 2310 319 2375 καὶ
344 2313 381 2376 τὸ
407 2311 471 2375 ὑπὸ
496 2308 749 2396 συναμφοτέρου
776 2323 844 2376 τῶν
867 2313 928 2395 τήν
952 2311 1135 2396 δεδομένην

70 2428 106 2476 20
124 2421 250 2499 γωνίαν
263 2427 488 2502 περιεχουσῶν
503 2417 645 2481 εὐθειῶν
662 2415 718 2480 καὶ
732 2426 789 2500 τῆς
803 2417 889 2481 κοίτω
906 2417 1136 2502 ἀπολαμβανο·

123 2522 223 2607 μένης
250 2522 313 2588 ἀπὸ
338 2533 400 2606 τῆς
429 2524 505 2606 δίχα
531 2524 713 2607 τεμνούσης
741 2525 803 2607 τήν
830 2527 956 2606 γωνίαν
983 2526 1067 2609 πρὸς
1096 2535 1136 2610 τῇ

122 2632 314 2715 περιφερείᾳ
337 2626 444 2695 δοθέν
467 2632 565 2694 ἔσται.

191 2738 238 2812 είς
264 2736 327 2821 γὰρ
355 2737 480 2801 κύκλον
509 2734 689 2833 δεδομένον
715 2745 761 2824 τῷ
790 2735 920 2822 μεγέθει
947 2738 1006 2802 τὸν
1034 2740 1141 2801 ΑΒΓ

196 2970 220 3019 1.
239 2973 272 3036 τῇ
291 2962 371 3019 θέσει
391 2961 588 3032 δεδομένουο.
666 2969 691 3019 2.
711 2960 801 3018 δοθέν
820 2963 851 3018 τὸ
869 2968 936 3018 Aa.
1010 2968 1034 3018 3.
1054 2965 1135 3018 δεδο-

64 3040 69 3054 ’
127 3032 212 3105 μένον
232 3033 303 3107 ἐστί]
323 3033 413 3090 δοθέν
432 3053 457 3089 a.
518 3041 542 3089 4.
561 3035 628 3106 τῶν]
646 3043 739 3105 msa,
759 3035 828 3088 item
846 3033 895 3089 lin.
916 3039 940 3104 7,
960 3039 1046 3103 9,11.
1109 3040 1133 3090 5.

125 3106 367 3178 ιό(ο11)]ιοεε
458 3113 482 3160 6.
502 3106 562 3177 ΑΔ]
581 3112 672 3160 ΔΑα.
765 3109 797 3173 Ε,
814 3107 901 3159 Zva.
992 3110 1017 3159 8.
1039 3106 1133 3177 ΓΒΖ]

127 3182 177 3231 ΓΒ
196 3196 220 3232 ο.
286 3183 310 3232 9.
331 3176 546 3245 έκοίτεροςοω
539 3176 636 3232 ·έστιν
655 3195 680 3231 v.
745 3183 786 3232 10.
807 3174 932 3230 έστίν-
952 3174 1020 3247 ἄρα]
1040 3193 1093 3230 om.
1109 3194 1134 3230 a.

162 3248 234 3319 ἐστί]
253 3246 327 3304 ἐστίν
345 3267 371 3303 v.
427 3254 468 3303 11.
486 3248 543 3301 ύπὸ
561 3256 610 3316 τῆς
629 3252 747 3318 ma,
766 3247 835 3302 item
849 3247 897 3301 lin
913 3252 1053 3302 1219.
1073 3265 1109 3319 ογ
1093 3248 1134 3320 γ’]

127 3321 175 3389 ηδ
195 3321 269 3389 νεεδ,
289 3320 364 3375 edd.-
358 3319 438 3391 ,ηβ
458 3321 526 3390 βω).
613 3325 655 3375 16.
678 3293 747 3392 καί]
761 3316 825 3388 ἠδ’
847 3321 873 3390 β.
958 3317 1028 3372 Post
1046 3317 1134 3389 γωνία

126 3390 190 3445 add.
211 3393 373 3479 δοθεῑοαβ.
437 3363 689 3482 συναμφότεροςβ.
762 3395 803 3445 19.
822 3390 889 3480 ὑπό]
908 3390 1009 3460 ἀπόβ
1070 3408 1135 3446 συν-

125 3460 292 3529 αμφοτέρων
314 3462 378 3516 Vat.
469 3462 539 3532 τῶν]
564 3470 613 3515 τοῦ
637 3463 661 3533 β.
752 3459 922 3533 δεδομένην]
947 3463 1086 3518 δοθεῖσαν
1109 3464 1134 3533 β.
