2400 3840
119 178 184 243 216
533 181 723 234 ΑΡΡΕΝΕΙΕ.

119 323 140 406 ἡ
168 322 232 386 ὑπὸ
257 326 363 386 ΑΗΖ
393 322 546 405 δοθεῖσα,
578 321 634 387 καὶ
665 325 763 408 λοιπὴ
792 325 856 409 ἄρα
884 323 904 406 ἡ
932 323 999 387 ὑπὸ
1028 327 1136 387 ΗΑΖ

120 410 260 493 δοθεῖσα
288 428 391 492 ε’στιν·
424 427 557 493 δέδοται
589 431 654 515 ἄρα
685 431 722 494 τὸ
752 433 858 494 ΑΗΖ
890 431 1058 514 τρίγωνον
1092 437 1136 516 τῷ

120 536 214 599 εῖδει·
247 538 345 617 λόγος
368 537 432 620 ἄρα
457 533 525 599 ἐστὶ
548 544 606 619 τῆς
630 541 691 600 ΖΑ
718 538 802 622 πρὸς
824 535 885 619 τὴν
909 537 987 599 ΑΗ
1012 536 1137 609 δοθείς.

120 651 177 725 τῆς
201 637 237 705 δὲ
262 646 322 706 ΖΑ
345 643 428 726 πρὸς
450 643 511 725 τὴν
536 645 600 706 ΓΕ
627 645 725 724 λόγος
748 640 817 707 ἐστὶ
840 642 968 716 δοθείς·
1000 639 1140 723 καὶτῆς

85 759 100 808 5
120 752 196 812 ΑΗ
220 749 285 833 ἄρα
306 749 390 833 πρὸς
412 749 473 831 τὴν
498 751 562 812 ΓΕ
587 751 685 830 λόγος
712 747 781 813 ἐστὶ
809 749 936 823 δοθείς·
971 748 1055 812 ὥστε
1083 744 1140 810 καὶ

122 863 181 918 τοῦ
213 854 279 918 ὑπὸ
311 865 379 919 τῶν
406 858 493 937 ΑΗ,
512 857 581 918 ΒΓ
606 856 689 940 πρὸς
719 855 756 918 τὸ
788 855 854 919 ὑπὸ
887 865 954 918 τῶν
982 856 1056 934 ΒΓ,
1076 855 1143 916 ΓΕ

121 963 219 1042 λόγος
243 958 457 1041 έστὶδοθείς.
489 968 549 1023 τοῦ
574 957 610 1024 δὲ
632 960 698 1024 ὑπὸ
721 972 788 1024 τῶν
806 965 889 1044 ΑΗ,
908 964 976 1025 ΒΓ
992 961 1079 1045 πρὸς
1102 960 1141 1023 τὸ

122 1068 227 1130 ΑΒΓ
249 1068 414 1151 τρίγωνον
442 1069 539 1148 λόγος
567 1064 635 1131 ἐστὶ
659 1067 786 1143 δοθείς·
819 1065 874 1131 καὶ
897 1075 957 1130 τοῦ
980 1065 1047 1130 ὑπὸ
1071 1076 1142 1129 τῶν

122 1175 195 1254 ΒΓ,
214 1174 279 1236 ΓΕ
300 1173 364 1257 ἄρα
385 1172 469 1257 πρὸς
491 1173 528 1235 τὸ
552 1176 658 1236 ΑΒΓ
680 1176 845 1258 τρίγωνον
868 1176 965 1255 λόγος
989 1170 1060 1237 ἐστὶ
1084 1173 1142 1236 δο-

70 1289 103 1339 10
121 1279 208 1351 θείς·
234 1279 293 1339 καί
313 1276 382 1341 ἐστι
405 1278 442 1341 τὸ
465 1277 530 1341 ὑπὸ
554 1289 621 1343 τῶν
640 1282 712 1361 ΒΓ,
734 1282 805 1362 ΓΕ,
829 1272 856 1366 ᾧ
878 1282 989 1364 μεῖζόν
1013 1277 1083 1343 ἐστι
1103 1280 1141 1342 τὸ

123 1382 185 1446 ἀπὸ
210 1381 463 1469 συναμφοτέρου
487 1393 544 1467 τῆς
563 1388 664 1449 ΒΑΓ
682 1393 741 1449 τοῦ
765 1385 829 1450 ἀπὸ
848 1394 906 1469 τῆς
922 1389 951 1448 Β
958 1388 1002 1449 Γ·
1028 1377 1055 1472 ᾦ
1074 1385 1142 1468 ἄρα

122 1491 232 1573 μεῖζόν
255 1488 325 1554 ἐστι
350 1491 387 1554 τὸ
411 1489 474 1555 ἀπὸ
498 1489 753 1576 συναμφοτέρου
780 1500 838 1574 τῆς
861 1494 962 1555 ΒΑΓ
985 1500 1045 1555 τοῦ
1074 1490 1141 1555 ἀπὸ

123 1605 180 1680 τῆς
207 1599 284 1680 ΒΓ,
317 1595 422 1661 έκεῖνο
450 1599 487 1661 τὸ
514 1600 639 1682 χωρίον
665 1599 748 1682 πρὸς
775 1599 812 1662 τὸ
841 1601 1006 1683 τρίγωνον
1035 1600 1142 1679 λόγον

123 1706 188 1787 ἔχει
212 1702 400 1786 δεδομένον.

70 1855 103 1904 15
604 1844 654 1909 16.

462 1947 514 2012 Ad
536 1971 626 2033 prop.
650 1949 798 2015 LXVIII.

549 2072 703 2149 ’Ἀλλως

188 2195 365 2261 Ἐκκείσθω
390 2195 549 2282 δεδομένη
573 2197 689 2261 εὐθεῖα
711 2195 731 2277 ἡ
756 2200 795 2260 K.

190 2299 245 2366 καλ
269 2300 337 2366 ἐπεὶ
365 2305 462 2386 λόγος
491 2300 560 2368 ἐστὶ
587 2310 646 2366 τοῦ
670 2309 702 2366 Α
729 2304 813 2387 πρὸς
840 2304 877 2369 τὸ
900 2308 929 2368 Β
958 2304 1088 2389 δοθείς,
1123 2305 1142 2370 6

71 2420 105 2470 20
124 2408 224 2483 αὐτὸς
247 2407 336 2492 αὐτῷ
360 2406 520 2489 γεγονέτω
545 2407 562 2472 6
586 2416 643 2491 τῆς
664 2411 699 2470 Κ
718 2409 802 2493 πρὸς
824 2410 885 2492 τὴν
904 2413 943 2473 Α.
981 2413 1080 2492 λόγος
1103 2408 1143 2475 δὲ

124 2521 184 2577 τοῦ
208 2518 240 2576 Α
262 2512 345 2596 πρὸς
367 2513 404 2577 τὸ
427 2516 456 2575 Β
480 2514 606 2589 δοθείς·
635 2517 733 2597 λόγος
756 2515 820 2599 ἄρα
843 2513 978 2599 καὶτῆς
1002 2520 1037 2579 K
1057 2518 1144 2603 πρὸς

124 2620 185 2702 τὴν
204 2623 235 2681 Λ
255 2619 377 2694 δοθείς.
415 2619 554 2683 δοθεῖσα
577 2616 614 2683 δέ
637 2620 657 2702 ἡ
677 2624 712 2683 K
716 2641 723 2654 ·
748 2622 888 2686 δοθεῖσα
906 2622 970 2707 ἄρα
988 2619 1044 2686 καὶ
1064 2623 1142 2706 ἡΛ.

124 2725 225 2789 πόλιν
254 2721 324 2789 ἐπεὶ
351 2727 449 2805 λόγος
474 2723 543 2790 έστὶ
567 2724 682 2802 δοθεὶς
705 2735 763 2810 τῆς
786 2730 847 2791 ΓΛ
873 2727 957 2812 πρὸς
979 2727 1041 2809 τὴν
1066 2732 1143 2811 ΕΖ,

125 2833 142 2898 6
168 2832 267 2907 αὐτὸς
290 2831 379 2918 αὐτῷ
403 2831 565 2914 γεγονέτω
589 2832 607 2897 6
631 2841 688 2916 τῆς
711 2836 745 2896 K
768 2834 853 2917 πρὸς
875 2834 936 2916 τὴν
959 2837 1013 2896 Μ·
1042 2836 1145 2916 λόγος

74 2951 106 2999 25
127 2941 191 3025 ἄρα
214 2935 269 3003 καὶ
293 2947 350 3022 τῆς
368 2942 403 3002 Κ
422 2940 506 3024 πρὸς
529 2940 589 3022 τὴν
612 2943 657 3002 Μ
674 2939 801 3014 δοθείς·
830 2940 970 3004 δοθεῖσα
993 2934 1029 3003 δὲ
1053 2939 1074 3022 ἡ
1094 2944 1144 3004 Κ·

198 3173 222 3220 1.
241 3167 340 3237 ΑΗΖ]
359 3169 447 3219 ΑΖΗ
462 3165 492 3233 P,
512 3173 567 3220 τῶν
585 3169 670 3219 ΑΗΖ
688 3165 715 3219 b.
772 3167 866 3236 HAZ]
889 3169 975 3219 ΖΑΗ
990 3185 1016 3235 v,
1037 3171 1095 3220 HZ
1113 3167 1142 3221 b.

160 3244 184 3292 4.
204 3238 326 3308 καὶτῆς]
345 3236 390 3290 bis
404 3255 423 3290 v
437 3235 476 3305 (in
490 3235 544 3289 fine
559 3238 588 3289 et
601 3235 684 3289 initio
698 3235 778 3306 folii).
839 3242 863 3290 ό.
884 3236 951 3308 ἄρα]
967 3253 1020 3292 om.
1030 3237 1058 3292 b.
1116 3245 1143 3294 6.

127 3310 188 3379 τοῦ]
209 3308 240 3362 τό
260 3308 289 3362 Ρ.
347 3316 397 3362 τοῦ
416 3307 483 3378 ὑπό]
503 3307 640 3376 om.Vat.‚
661 3324 728 3362 corr.
743 3325 779 3362 m.
796 3313 820 3361 2.
880 3316 935 3362 τῶν
950 3309 1025 3380 (pr.)]
1044 3317 1095 3363 τοῦ
1114 3309 1166 3384 1).ι

162 3380 231 3450 ΓΕ]
253 3383 277 3432 Ε
295 3379 322 3432 b.
397 3384 420 3432 ο.
441 3382 500 3446 ΕΓ,
516 3379 585 3448 ΓΕ]
606 3382 688 3432 ΒΓΕ
707 3377 739 3446 b,
758 3378 828 3432 item
845 3378 894 3432 lin.
913 3383 954 3432 ιο.
1030 3378 1099 3450 ἄρα]
1118 3397 1143 3448 z,

126 3465 178 3501 om.
190 3451 254 3503 cett.
313 3455 354 3503 10.
366 3442 399 3521 ᾧ]
410 3444 448 3502 ὧν
459 3449 485 3502 b.
542 3450 755 3520 11.ΒΓ]ΒΑν.
812 3449 1142 3519 13.BF]APPVat.v.

161 3524 202 3572 23.
223 3520 274 3588 τὴν
295 3521 359 3590 ΕΖ]
378 3519 409 3573 τὸ
429 3522 482 3573 ΕΖ
501 3516 600 3582 δοθείς
617 3519 644 3573 b.
718 3525 760 3574 24.
781 3520 992 3591 6(utrumque)]
1012 3537 1066 3575 om.
1086 3521 1115 3575 P.
