2400 3840
116 142 180 207 106
521 143 726 194 AEAOMENA.

115 289 174 351 καί
199 284 267 350 ἐστι
295 287 332 350 τὸ
360 289 392 348 A
398 287 431 349 Γ
458 282 562 349 δοθὲν
593 293 638 372 τῷ
671 282 815 368 μεγέθει·
852 283 1023 350 ὑπόκειται
1050 285 1129 369 γάρ·

117 393 234 456 λοιπὸν
262 393 327 476 άρα
353 391 391 454 τὸ
414 394 482 455 ΚΘ
513 387 618 455 δοθέν
646 390 715 455 ε’στι
743 400 789 478 τῷ
813 389 954 475 μεγέθει.
1001 393 1070 455 έστι
1093 388 1130 455 δὲ

116 497 171 562 καὶ
194 507 239 585 τῷ
264 498 345 562 εῖδει
368 495 486 562 δοθέν·
511 497 626 580 ,ὅμοιον
644 496 708 582 γάρ
727 495 795 560 ε’στι
819 505 865 584 τςῖ
886 500 959 561 ΓΛ·
983 504 1043 560 τοῦ
1066 501 1134 561 ΘΚ

118 605 182 688 άρα
214 602 389 687 δεδομέναι
416 600 501 667 εἰσὶν
533 603 570 667 αἱ
594 605 748 688 πλευραί·
782 603 922 666 δοθεῖσα
950 604 1013 688 ἄρα
1040 601 1131 666 ἐστὶν

116 709 136 791 ἡ
160 712 240 773 ΚΓ·
269 712 327 773 καί
348 709 437 774 ἐστιν
461 715 515 792 ῖση
538 718 577 793 τῇ
600 712 678 773 ΕΒ·
707 708 847 773 δοθεῖσα
870 710 934 794 άρα
958 706 1048 772 έστὶν
1075 708 1130 772 καὶ

83 813 137 898 οὴ
161 819 234 878 ΕΒ.
279 817 348 879 ἔστι
376 812 413 879 δέ
434 813 490 879 καὶ
513 815 533 898 ἡ
556 819 620 878 EA
643 814 794 878 δοθεῖσα·
822 811 877 879 καὶ
901 815 998 898 λοιπὴ
1022 816 1086 901 άρα
1110 814 1130 896 ἡ

117 924 180 984 ΒΛ
204 920 343 985 δοθεῖσά
366 919 464 985 ἐστιν.
510 918 566 984 καὶ
589 923 688 1002 λόγος
710 929 767 1002 τῆς
790 924 854 984 ΒΛ
876 921 960 1002 πρὸς
982 921 1043 1003 την
1067 924 1136 984 ΒΓ

117 1027 244 1102 δοθείς·
272 1027 411 1091 δοθεῖσα
434 1028 498 1108 άρα
522 1023 590 1090 ἐστὶ
612 1024 668 1090 καὶ
691 1025 711 1108 ἡ
736 1028 806 1090 ΒΓ.

586 1304 657 1370 νθ’.

65 1465 99 1513 1ο
182 1447 257 1512 Ἐὰν
278 1444 382 1513 δοθέν
400 1448 489 1531 παρὰ
512 1449 673 1512 δοθεῖσαν
695 1451 896 1533 παραβληθῇ
919 1449 1130 1533 ὑπερβάλλον

117 1554 198 1618 εῖδει
221 1552 398 1641 δεδομένῳ,
422 1552 555 1618 δέδοται
577 1555 618 1618 τὰ
640 1553 745 1636 πλάτη
769 1562 827 1637 τῆς
849 1553 1044 1639 ὑπερβολῆς.

182 1656 286 1724 δοθέν
313 1660 375 1745 γάρ
404 1661 441 1723 τὸ
465 1664 531 1724 ΑΒ
558 1661 648 1745 παρὰ
671 1660 826 1724 δοδεῖσαν
849 1662 910 1744 την
933 1664 965 1723 Α
972 1663 1004 1722 Γ
1024 1680 1129 1741 παρα-

115 1767 291 1848 βεβλήσθω
318 1764 528 1852 ὑπερβάλλον
555 1766 636 1830 εῖδει
664 1761 828 1852 δεδομένῳ
855 1773 901 1852 τῷ
926 1768 1000 1827 ΓΒ·
1033 1764 1129 1846 λέγω,

117 1871 167 1935 ὅτι
191 1871 330 1936 δοθεῖσα
354 1871 444 1942 ἐστιν
467 1869 603 1956 ἑκατέρα
626 1882 692 1936 τῶν
718 1874 789 1953 ΘΓ,
809 1874 878 1934 ΓΕ.

64 1993 97 2040 1ο
182 1979 354 2061 τετμήσθω
378 1978 441 2062 γάρ
466 1979 542 2061 δίχα
565 1976 675 2059 ἡΛΕ
695 1977 833 2041 κατὰτὸ
854 1979 881 2038 Ζ
905 1987 1051 2059 σημεῖον,
1074 1974 1129 2039 καὶ

117 2081 363 2168 ἀναγεγράφθω
386 2081 450 2148 άπὸ
473 2092 531 2166 τῆς
553 2087 617 2147 ΕΖ
639 2092 685 2170 τῷ
711 2085 772 2146 ΓΒ
795 2081 911 2166 ὅμοιον
934 2079 989 2145 καὶ
1008 2080 1130 2164 ὁμοίως

117 2193 268 2272 κείμενον
291 2190 327 2252 τὸ
353 2192 436 2251 ΖΗ·
460 2186 535 2273 περὶ
557 2190 618 2273 την
642 2188 747 2272 αὐτὴν
771 2189 835 2273 άρα
859 2188 1037 2271 διάμετρόν
1061 2185 1129 2249 έστι

116 2295 152 2357 τὸ
178 2297 250 2358 ΖΗ
267 2304 313 2380 τῷ
338 2297 407 2358 ΓΒ.
443 2295 537 2377 ἤχθω
562 2295 673 2359 αὐτῶν
696 2294 869 2381 διάμετρος
891 2292 912 2374 η
934 2296 1051 2374 ΘΕΜ,
1074 2291 1129 2355 καὶ

115 2400 380 2484 καταγεγράφθω
403 2401 441 2465 τὸ
464 2409 579 2484 σχῆμα.
616 2397 671 2464 καὶ
695 2397 764 2465 ἐπεὶ
788 2400 904 2484 ὅμοιόν
923 2397 991 2462 ἐστι
1009 2399 1046 2461 τὸ
1067 2401 1128 2461 ΓΒ

63 2519 98 2567 20
115 2513 161 2591 τῷ
187 2507 264 2586 ΖΗ,
289 2501 421 2567 δέδοται
444 2501 481 2569 δέ
503 2507 540 2569 τὸ
563 2508 624 2569 ΓΒ
647 2515 692 2594 τῷ
717 2506 807 2589 εῖδει,
830 2503 963 2569 δέδοται
986 2505 1050 2588 άρα
1073 2502 1129 2567 καὶ

116 2610 153 2672 τὸ
183 2612 255 2672 ΖΗ
281 2619 327 2697 τῷ
359 2611 453 2674 εῖδει·
489 2609 545 2675 καὶ
577 2609 821 2697 ἀναγέγραπται
853 2608 917 2674 άπὸ
950 2607 1129 2692 δεδομένης

115 2714 250 2791 εὐθείας
271 2724 329 2799 τῆς
354 2719 430 2779 ΖΕ·
456 2712 560 2780 δοθέν
583 2717 648 2800 άρα
671 2714 739 2780 έστὶ
761 2716 798 2779 τὸ
824 2718 899 2778 ΖΗ
917 2724 962 2802 τῷ
985 2713 1128 2798 μεγέθει.

116 2822 185 2885 ἔστι
208 2817 245 2885 δέ
267 2819 322 2886 καὶ
344 2823 381 2886 τὸ
405 2826 472 2887 AB
496 2821 613 2887 δοθέν·
641 2819 785 2886 δοθέντα
808 2822 873 2906 ἄρα
896 2818 965 2884 ἐστὶ
987 2821 1027 2883 τά
1051 2824 1129 2903 ΑΒ,

117 2931 192 2992 ΖΗ.
238 2932 296 2992 καί
322 2927 412 2993 ἐστιν
440 2934 495 2992 ῖσα
518 2938 563 3015 τῷ
587 2931 663 2991 ΚΛ·
696 2924 800 2992 δοθδν
823 2929 887 3012 άρα
911 2923 979 2991 ἐστὶ
1002 2926 1040 2991 τὸ
1064 2929 1129 2990 ΚΛ

187 3197 246 3244 1,τ
288 3209 393 3258 -γαρ
369 3187 405 3259 ’(ν]
425 3205 478 3242 om.
498 3189 525 3242 b.
609 3194 633 3243 2.
660 3187 715 3243 ἔστι
733 3185 777 3260 δέ]
797 3205 850 3242 om
869 3186 896 3241 b.
979 3191 1004 3239 3.
1024 3183 1128 3258 δοθέν]

116 3278 169 3315 om.
188 3211 268 3314 ἱλῳ
296 3280 334 3314 τω
350 3259 433 3331 (1111)]
452 3258 530 3314 τόὺ.
623 3265 645 3314 7
672 3257 745 3315 ἐστίν
763 3277 789 3313 v,
873 3258 944 3329 ΒΓ]
967 3258 1128 3311 ΖΗΒΓΡ.

152 3339 192 3385 11
217 3332 285 3384 Post
304 3315 446 3404 δεδομένῳ
465 3331 530 3384 add
550 3335 588 3403 τῷ
608 3329 677 3384 εἴδει
695 3331 791 3385 νεῖμε
879 3334 920 3382 13,
947 3328 1009 3399 ΓΒ]
1031 3328 1127 3381 Mb

152 3407 215 3525 Hb
217 3401 260 3472 το]
283 3351 391 3474 τηῖΡ,μ
463 3406 504 3456 18.
529 3386 634 3472 αὑτῶν]
654 3401 741 3456 αὑτοῦ
760 3419 785 3455 v.
878 3405 960 3453 221
944 3396 1129 3470 τῶμεγέθει]

116 3488 161 3524 om
