2400 3840
127 185 192 249 184
529 154 733 237 mmmm.

126 331 254 405 δοθείς·
288 331 386 411 λόγος
408 330 473 414 ίίρα
495 325 551 392 καὶ
574 325 828 414 συναμφοτέρου
851 335 909 411 τῆς
932 329 1034 390 ΒΑΓ
1055 328 1140 413 πρὸς

125 437 186 518 τὴν
208 439 274 499 AA
298 435 421 498 ὃοθεί.
559 440 563 445 ’

191 540 285 624 λέγω,
309 541 360 606 ὅτι
383 538 438 605 καὶ
461 542 498 606 τὸ
521 541 585 606 ὑπὸ
611 538 865 625 συναμφοτέρου
887 548 946 623 τῆς
964 542 1065 603 ΒΑΓ
1083 537 1140 604 καὶ

126 657 183 732 τῆς
206 654 269 713 EA
292 646 397 713 δοθέν
420 647 519 712 ἐστιν.
798 654 802 662 ’

91 766 107 814 ὁ
194 754 263 820 έκελ
294 756 357 840 γὰρ
391 755 567 837 ἰσογώνιόν
600 753 668 819 ἐστι
696 755 733 819 τὸ
762 756 868 818 ΑΕΓ
894 755 1060 838 τρίγωνον
1092 763 1138 841 τῷ

126 866 227 926 AEB
255 862 421 949 τριγώνῳ,
453 864 543 926 ἔστιν
570 862 634 947 ι’ίρα
661 861 706 936 ὡς
733 859 753 943 ἡ
777 864 839 924 BA
866 860 950 945 πρὸς
972 861 1033 942 τὴν
1055 864 1139 943 ΔΕ,

128 967 234 1043 οὕτως
256 967 277 1050 ἡ
301 970 372 1031 ΑΓ
393 968 475 1052 πρὸς
502 968 563 1051 την
588 971 658 1031 ΓΕ.
705 966 749 1042 ὡς
772 962 851 1048 (1ὲὴ
875 968 946 1030 ΑΓ
967 967 1050 1050 πρὸς
1077 967 1140 1050 την

129 1077 204 1156 ΓΕ,
228 1073 334 1148 οὕτως
357 1071 427 1138 ἐστὶ
450 1076 700 1158 συναμφότερος
718 1074 738 1156 η
758 1075 859 1137 ΒΑΓ
876 1073 959 1158 πρὸς
977 1074 1039 1156 την
1058 1075 1139 1136 ΒΓ·

127 1178 182 1244 καὶ
201 1181 246 1256 ὡς
265 1182 515 1264 συναμφότερος
533 1181 596 1265 ἄρα
615 1179 635 1262 ἡ
650 1184 713 1243 ΒΑ
718 1182 752 1243 Γ
766 1180 849 1266 πρὸς
861 1181 922 1264 την
937 1181 1009 1262 ΓΒ,
1033 1179 1141 1256 οὕτως

76 1297 110 1345 10
129 1283 219 1350 ἐστὶν
242 1285 262 1368 ἡ
282 1290 344 1350 BA
366 1286 449 1372 πρὸς
467 1278 528 1370 τἠν
546 1290 629 1350 AE·
652 1287 689 1351 τὸ
713 1288 778 1372 ἄρα
800 1286 865 1351 ὑπὸ
884 1284 1141 1371 συναμφοτέρου

128 1401 185 1476 τῆς
203 1395 303 1457 ΒΑΓ
316 1390 372 1456 καὶ
390 1401 447 1476 τῆς
460 1396 523 1456 EA
541 1390 631 1457 ἐστιν
651 1398 725 1457 ίσον
743 1401 788 1480 τῷ
807 1393 872 1457 ὑπὸ
892 1404 960 1458 τῶν
979 1395 1052 1475 ΓΒ,
1067 1397 1141 1457 ΒΔ.

129 1495 232 1564 δοθέν
255 1495 292 1563 δὲ
314 1500 351 1564 τὸ
374 1498 440 1565 ὑπὸ
462 1509 530 1564 τῶν
550 1502 620 1583 ΓΒ,
635 1504 711 1564 BA·
736 1496 840 1564 δοθὲν
859 1501 924 1585 ἄρα
942 1497 1053 1564 καὶτὸ
1072 1499 1140 1564 ὑπὸ

68 1675 74 1686 ,
130 1604 383 1692 συναμφοτέρου
406 1614 464 1689 τῆς
486 1609 586 1671 ΒΑΓ
603 1605 739 1691 καὶτῆς
762 1611 837 1670 EA.

605 1799 670 1880 ηδ’.

78 1937 111 1985 15
195 1924 271 1989 Ἐίιν
295 1926 418 1990 κύκλου
442 1924 623 2010 δεδομένου
642 1935 681 2011 τῇ
700 1923 792 1989 θέσει
814 1922 867 1988 ἐπὶ
885 1933 943 2008 τῆς
961 1922 1143 2011 διαμέτρου

132 2029 236 2097 δοθὲν
259 2043 395 2116 σημεῖον
419 2037 549 2118 ληφθῇ,
583 2030 646 2097 ἀπὸ
671 2028 707 2096 δὲ
730 2039 789 2095 τοῦ
813 2033 950 2114 σημείου
977 2032 1061 2117 πρὸς
1083 2033 1145 2097 τὸν

131 2139 254 2202 κύκλον
274 2134 473 2224 ’κροσβληθῇ
493 2162 543 2215 τις
563 2139 678 2203 εὐθεῖα
700 2135 756 2201 καὶ
775 2135 838 2202 ἀπὸ
861 2145 919 2220 τῆς
936 2146 1038 2222 τομῆς
1060 2139 1144 2223 πρὸς

132 2243 238 2329 ὀρθὰς
261 2241 349 2328 ἀχθῇ
376 2252 415 2329 τῇ
439 2245 629 2330 ὃιαχθείση,
657 2245 714 2309 διὰ
737 2240 773 2308 δὲ
800 2251 860 2309 τοῦ
881 2247 1033 2328 σημείου,
1060 2243 1141 2309 καθ’

78 2406 89 2429 ,
133 2349 150 2415 ὃ
174 2351 354 2433 συμβάλλει
376 2349 397 2432 ἡ
420 2351 503 2434 πρὸς
526 2350 632 2437 ὀρθὰς
650 2362 689 2437 τῇ
708 2353 910 2436 περιφερείᾳ,
932 2351 1145 2436 παράλληλος

80 2468 114 2517 20
133 2454 221 2539 ἀχθῇ
249 2465 288 2540 τῇ
316 2457 506 2541 θιαχθείση,
539 2455 643 2521 δοθέν
672 2456 740 2523 ἐστι
770 2458 807 2522 τὸ
835 2469 985 2541 σημείου,
1017 2455 1097 2523 καθ’
1125 2458 1144 2524 ὃ

132 2560 313 2646 συμβάλλει
345 2562 366 2646 ἡ
397 2562 607 2647 παράλληλος
638 2575 677 2649 τῇ
710 2561 888 2651 διαμέτρῳ,
920 2562 976 2628 καὶ
1007 2564 1044 2629 τὸ
1076 2564 1145 2631 ὑπὸ

133 2680 200 2734 τῶν
218 2671 438 2755 παραλλήλων
451 2673 684 2757 περιεχόμενον
698 2665 909 2756 ὀρθογώνιον
924 2668 1028 2736 δοθὲν
1043 2673 1145 2736 ἔσται.

198 2777 323 2841 κύκλου
341 2777 404 2861 γὰρ
423 2786 463 2862 τῇ
486 2774 578 2841 θέσει
598 2775 779 2861 δεδομένου
797 2786 857 2841 τοῦ
876 2781 981 2842 ΑΒΓ
1000 2775 1053 2842 ἐπὶ
1072 2780 1145 2843 δια-

133 2881 254 2969 μέτρου
278 2892 336 2967 τῆς
354 2885 421 2947 ΒΓ
440 2884 591 2968 είληφθω
615 2879 720 2948 δοθέν
743 2895 877 2967 σημεῖον
900 2885 937 2949 τὸ
960 2889 1002 2967 Δ,
1027 2885 1083 2948 διὰ
1107 2881 1146 2949 δὲ

81 3003 114 3061 25
134 2999 193 3056 τοῦ
222 2996 255 3054 A
286 2991 370 3075 πρὸς
396 2991 455 3055 τὸν
481 2991 604 3054 κύκλον
631 2991 892 3076 προσβεβλησθα
920 3013 970 3066 τις
996 2999 1146 3074 τυχοῦσα

134 3098 154 3182 ἡ
182 3103 261 3181 ΛΑ,
294 3095 357 3162 ἀπὸ
390 3093 427 3161 δὲ
453 3106 513 3161 τοῦ
541 3102 574 3161 Α
605 3106 645 3182 τη
673 3102 739 3161 ΔΑ
770 3098 853 3183 πρὸς
883 3096 990 3183 ὀρθὰς
1021 3100 1147 3179 γωνίας

134 3203 250 3268 εὐθεῖα
269 3205 363 3287 ἤχθω
382 3201 403 3285 ἡ
422 3208 503 3286 ΑΕ,
527 3203 583 3267 διὰ
602 3198 639 3266 δὲ
657 3210 717 3266 τοῦ
736 3208 768 3267 Ε
788 3213 828 3289 τῇ
847 3209 913 3267 AA
935 3203 1147 3287 παράλληλος

205 3402 230 3452 4.
254 3397 314 3468 τῆς]
337 3404 387 3450 τοῦ
412 3412 436 3451 a.
528 3394 613 3466 ἐστιν]
637 3415 667 3449 -ν
691 3394 755 3451 add.
779 3413 815 3450 m.
839 3401 858 3449 2
878 3412 903 3450 v.
995 3400 1019 3452 5.
1043 3398 1146 3468 ΑΕΓ]

136 3470 219 3520 ΒΕΔ
238 3484 262 3522 a.
318 3473 342 3522 6.
362 3465 458 3536 ΔΕΒ]
478 3469 563 3520 ΑΕΓ
578 3483 603 3522 a.
660 3471 682 3521 ⁷.
703 3467 740 3528 ὦς
760 3498 791 3507 -
812 3471 836 3521 8.
857 3467 927 3538 ΓΕ]
946 3482 999 3522 om.
1020 3483 1045 3522 a.
1102 3473 1146 3524 10.

136 3538 196 3608 BA]
215 3554 299 3606 supra
318 3554 368 3593 scr.
388 3555 424 3591 m.
444 3542 459 3590 2
479 3555 504 3592 v.
586 3537 659 3608 ΔΕ]
679 3539 736 3592 ΔΘ
754 3537 784 3593 Ρ.
872 3543 913 3593 11.
934 3546 989 3592 τῶν
1009 3542 1069 3607 ΓΒ,
1085 3541 1146 3612 BA]
