2400 3840
103 153 169 216 276
527 152 693 204 scnoffl.

171 298 222 363 58.
248 295 362 361 Ἔσται
384 296 426 379 δὴ
449 292 505 359 καὶ
528 299 647 359 λοιποῦ
670 302 731 358 τοῦ
755 297 816 359 ΓΔ
838 316 869 376 p.
889 294 942 377 22,
966 292 1022 376 13]
1053 291 1121 358 έπεὶ

104 404 168 489 γάρ
192 403 283 468 ἐστιν
307 402 351 479 ὡς
375 404 411 466 τὸ
435 407 467 466 Α
474 405 506 465 Γ
527 402 611 488 πρὸς
633 405 712 483 ΕΒ,
740 400 847 476 οὕτως
875 395 1064 485 ἀφαιρεθέν
1086 402 1123 465 τὸ

105 517 172 575 ΑΔ
199 512 283 597 πρὸς
306 504 491 595 ἀφαιρεθέν
519 510 555 572 τὸ
580 513 663 590 ΛΕ,
690 505 746 571 καὶ
770 507 888 572 λοιπὸν
911 506 1038 592 ἄρατὸ
1064 510 1123 571 ΓΛ

105 618 189 701 πρὸς
207 618 325 681 λοιπὸν
343 617 381 681 τὸ
401 621 434 678 Δ
440 619 468 678 Β
487 612 577 678 ἐστιν
597 614 642 689 ὡς
660 615 696 678 τὸ
716 616 788 678 ΑΓ
804 614 888 699 πρὸς
905 617 984 677 ΕΒ·
1009 611 1125 689 δοθεὶς

70 741 86 789 5
107 719 145 786 δέ
168 722 185 787 ὁ
209 732 269 787 τοῦ
292 727 325 786 Α
332 725 364 787 Γ
381 722 464 808 πρὸς
486 724 550 784 ΕΒ
575 723 686 802 λόγος·
717 716 833 797 δοθεὶς
855 721 920 804 ἄρα
942 716 998 784 καὶ
1023 719 1041 784 ὅ
1064 728 1125 784 τοῦ

107 832 168 893 ΓΔ
190 829 274 913 πρὸς
296 832 371 892 ΔΒ.

487 1003 539 1068 Ad
561 1025 653 1088 prop.
677 1001 748 1067 XII.

175 1131 225 1194 59.
252 1127 328 1193 Ἐὰν
350 1122 372 1214 ᾗ
396 1131 471 1213 τρία
489 1126 615 1212 μεγέθη
637 1151 668 1211 p.
684 1128 736 1210 22,
753 1126 808 1210 19]
832 1125 895 1191 κᾶν
917 1119 939 1212 ᾖ
963 1124 1127 1211 δεδομένα

107 1234 170 1300 κᾶν
192 1236 246 1318 μή.

55 1375 89 1423 10
175 1358 226 1422 60.
257 1356 324 1421 Καὶ
352 1359 470 1422 λοιπὸν
496 1359 534 1423 τὸ
562 1363 631 1423 ΑΕ
656 1381 686 1441 p.
710 1358 767 1440 24,
793 1356 848 1441 ll]
879 1355 938 1422 έδιν
966 1357 1031 1442 γὰρ
1062 1356 1125 1422 ἀπὸ

108 1461 290 1548 δεδομένου
326 1463 507 1548 δεδομένον
538 1463 680 1549 μέγεθος
717 1463 901 1550 ἀφαιρεθῇ,
937 1464 975 1527 τὸ
1008 1464 1128 1528 λοιπὸν

109 1567 290 1653 δεδομένον
313 1572 413 1635 ἔσται.

176 1696 227 1759 61.
258 1692 334 1758 Ἐὰν
357 1690 394 1757 δὲ
417 1696 527 1778 μεῖζον
552 1688 573 1778 ᾖ
597 1695 634 1758 τὸ
658 1698 721 1757 ΒΔ
744 1701 804 1757 τοῦ
828 1698 860 1757 A
867 1695 908 1776 Γ,
939 1691 1058 1770 θέντες
1081 1703 1127 1781 τῷ

109 1807 141 1866 A
148 1804 180 1865 Γ
198 1805 273 1864 ἴσον
296 1799 360 1864 ἀπὸ
383 1807 444 1863 τοῦ
467 1802 530 1862 ΒΔ
552 1796 608 1863 κοιλ
631 1799 671 1862 τὰ
694 1798 779 1876 αὐτὰ
801 1800 999 1882 ποιήσαντες
1022 1798 1128 1877 δείξο-

58 1923 90 1971 16
109 1931 171 1992 μεν
193 1908 230 1972 τὸ
252 1909 312 1971 ΓΔ
335 1914 395 1969 τοῦ
414 1909 480 1968 ΑΒ
504 1903 641 1969 δοθέντι
664 1908 783 1989 μεῖζον.
820 1915 919 1970 τοῦτο
942 1906 1006 1990 γὰρ
1031 1907 1132 1989 δηλοῖ

108 2014 146 2077 τὸ
179 2011 215 2076 έν
242 2021 282 2096 τῇ
309 2010 479 2095 προτάσει·
513 2009 533 2093 ἢ
561 2011 598 2074 τὸ
627 2008 740 2096 ἕτερον
767 2019 828 2075 τοῦ
852 2008 965 2098 ἑτέρου
989 2011 1129 2078 δοθέντι

108 2120 219 2202 μεῖζόν
243 2117 342 2182 ἐστιν.

482 2274 534 2339 Ad
556 2297 648 2360 prop.
671 2274 757 2340 XIII.

177 2402 228 2466 62.
262 2405 392 2464 Λοιποῦ
417 2402 480 2484 ὅροι
503 2408 563 2464 τοῦ
582 2404 649 2463 ΛΖ
672 2424 702 2484 p.
718 2402 770 2484 24,
789 2399 941 2485 25-26,
960 2399 994 2484 l]
1024 2399 1070 2477 ὡς
1094 2400 1131 2466 ἐν

54 2525 90 2576 20
109 2518 179 2581 τοῖς
203 2507 307 2591 ὅροις·
341 2507 508 2588 σύγκειται
536 2507 599 2592 γὰρ
626 2504 764 2572 δοθέντι
787 2508 897 2590 μεῖζον
925 2504 945 2588 ὅ
969 2504 1006 2571 έν
1030 2510 1130 2595 λόγῳ.

178 2632 228 2696 63.
262 2626 329 2694 Καὶ
353 2634 471 2693 λοιποῦ
495 2639 555 2694 τοῦ
578 2634 647 2694 ΗΒ
675 2653 705 2714 p.
726 2631 782 2715 26,
805 2629 840 2713 5]
870 2629 928 2695 ἐὰν
951 2632 1016 2716 γὰρ
1040 2624 1061 2717 ᾖ
1085 2630 1131 2708 ὡς

111 2738 190 2803 ὅλον
221 2737 305 2821 πρὸς
332 2735 424 2818 ὅλον,
458 2735 564 2811 οὸτως
595 2731 781 2820 ἀφαιρεθέν
814 2737 897 2820 πρὸς
929 2735 1130 2823 ἀφαιρεθέν,

110 2842 165 2908 κοιλ
189 2844 307 2908 λοιπὸν
329 2844 412 2930 πρὸς
435 2843 553 2907 λοιπὸν
576 2845 667 2906 ἔσται
691 2841 736 2918 ὡς
758 2841 838 2906 ὅλον
860 2843 944 2925 πρὸς
967 2843 1056 2908 ὅλον.

184 3076 225 3125 ιο.
245 3068 486 3124 ΡινοοπΜοῃπ.
552 3074 593 3124 το.
613 3069 749 3124 Ρινοολ.
815 3075 857 3124 οο.
877 3058 1019 3137 Ρνοιρο.
1087 3075 1130 3126 61.

112 3140 493 3207 PlVat.vM0n.Ambr.920.
568 3146 610 3195 62.
629 3139 789 3207 Ρλλλολορ.
863 3139 1086 3210 63.Ρ1λλοὸ.ρο.

185 3359 208 3407 3.
228 3358 277 3405 ΑΔ
295 3383 329 3391 -
348 3350 379 3405 τό
394 3353 467 3423 (pr.)]
487 3368 540 3405 om.
560 3350 578 3405 l.
660 3355 701 3405 13.
720 3353 783 3423 τοῦ]
802 3350 833 3406 τό
852 3351 870 3406 l.
948 3348 1062 3424 θέντες]
1082 3355 1132 3408 δο-

113 3420 215 3485 θέντος
233 3423 413 3491 Vat.M0n.c‚
441 3421 593 3491 ἀφελόντες
611 3421 706 3477 Ambr.
799 3428 840 3478 16.
867 3420 1012 3494 προτάσει]
1033 3425 1131 3497 πρώτῃ

113 3493 215 3546 Mon.c.
289 3499 331 3547 20.
351 3494 505 3564 σύγκειται]
524 3492 588 3547 fort.
608 3502 705 3548 νεῖται.
