2400 3840
603 343 646 400 γ.

184 464 261 530 Ἐὰν
289 461 449 547 δεδομένα
475 460 599 546 μεγέθη
628 461 796 526 ὁποσαοῦν
823 466 985 545 συντεθῇ,
1016 458 1073 525 καὶ
1098 463 1138 526 τὸ

121 571 153 650 ἐξ
177 572 288 636 αὐτῶν
311 571 525 654 συγκείμενον
549 565 730 652 δεδομένον
753 570 852 632 ἔσται.

188 679 376 761 συγκείσθω
399 675 463 767 γὰρ
486 674 655 740 ὁποσαοῦν
673 672 835 758 δεδομένα
852 671 978 758 μεγέθη
997 675 1039 738 τδι
1058 680 1090 739 A
1095 679 1137 758 B,

86 797 102 844 5
121 789 202 850 ΒΓ·
236 783 335 867 λέγω,
363 782 413 847 ὅτι
440 778 496 846 καὶ
523 783 559 846 τὸ
584 780 619 845 ἐκ
641 792 708 845 τῶν
731 785 811 864 ΑΒ,
831 783 899 845 ΒΓ
917 784 1139 865 συγκείμενον

121 894 158 957 τὸ
182 894 253 956 AF
271 887 450 974 δεδομένον
473 887 571 952 ἐστίν.

190 995 259 1062 ἐπεὶ
278 997 340 1082 γὰρ
360 992 492 1059 δέδοται
511 995 548 1057 τὸ
563 997 640 1077 AB,
664 995 810 1059 δυνατόν
833 992 923 1058 ἐστιν
946 993 1037 1081 αὐτῷ
1063 1000 1139 1058 ἴσον

123 1087 347 1188 πορίσασθαι(
374 1103 568 1184 πεπορίσθαι
586 1097 642 1164 καί
661 1103 742 1183 ἔστω
762 1101 799 1165 τὸ
812 1097 893 1165 ΔΕ.
930 1099 1043 1184 πάλιν,
1068 1099 1139 1166 ἐπεὶ

123 1209 256 1275 δέδοται
279 1209 316 1272 τὸ
335 1211 363 1271 Β
370 1209 408 1290 F,
431 1207 576 1271 δυνατόν
599 1204 689 1271 ἐστιν
712 1206 802 1295 αὐτῷ
826 1212 900 1271 ίσον
920 1209 1137 1291 πορίσασθαι.

70 1328 105 1375 10
123 1318 317 1399 πεπορίσθαι
345 1309 401 1377 καὶ
428 1315 509 1377 ἔστω
537 1312 574 1377 τὸ
597 1315 670 1377 ΕΖ.
716 1309 785 1377 ἐπεὶ
813 1309 876 1378 οὖν
903 1318 978 1377 ίσον
1006 1311 1075 1379 ἐστὶ
1099 1315 1138 1378 τὸ

123 1420 185 1506 μὲν
207 1424 273 1485 AB
297 1429 342 1508 τῷ
361 1423 438 1503 ΛΕ,
461 1418 498 1482 τὸ
522 1413 558 1481 δὲ
577 1420 646 1482 ΒΓ
663 1428 708 1505 τῷ
727 1422 801 1502 ΕΖ,
825 1419 904 1484 ὅλον
926 1421 991 1505 ἄρα
1014 1422 1052 1485 τὸ
1071 1423 1146 1485 AF

125 1529 191 1616 ὅλῳ
211 1536 256 1614 τῷ
274 1530 341 1591 ΔΖ
360 1524 451 1591 ἐστιν
470 1530 557 1589 ἴσον·
581 1522 712 1588 δέδοται
733 1526 797 1611 ἄρα
816 1526 853 1590 τὸ
871 1528 954 1591 AF·
980 1532 1056 1592 ίσον
1074 1528 1140 1613 γδιρ

123 1635 214 1721 αὐτῷ
237 1634 431 1718 πεπόρισται
453 1631 490 1695 τὸ
513 1634 589 1695 ΔΖ.

609 1837 652 1908 δ’.

74 2001 107 2049 15
191 1987 266 2053 Ἐὰν
296 1986 359 2052 ἀπὸ
390 1982 570 2071 δεδομένου
599 1984 763 2070 μεγέθους
790 1984 970 2070 δεδομένον
996 1986 1143 2072 μέγεθος

126 2095 311 2180 ἀφαιρεθῇ,
333 2095 370 2158 τὸ
394 2094 512 2158 λοιπὸν
535 2091 715 2176 δεδομένον
738 2095 837 2158 ἔσται.

193 2201 256 2266 ἀπὸ
285 2200 348 2284 γδιρ
376 2196 557 2282 δεδομένου
585 2195 748 2282 μεγέθους
775 2208 836 2264 τοῦ
862 2204 928 2266 AB
957 2201 1142 2286 δεδομένον

125 2306 267 2391 μέγεθος
286 2306 472 2392 ἀφῃρήσθω
493 2305 530 2368 τὸ
544 2306 628 2368 AF·
647 2302 742 2389 λέγω,
762 2305 867 2370 ὅτιτὸ
886 2305 1004 2371 λοιπὸν
1023 2309 1061 2373 τὸ
1078 2312 1140 2374 ΓΒ

126 2412 307 2496 δεδομένου
330 2411 429 2478 ἐστίν.

71 2535 107 2583 20
193 2518 262 2584 ἐπεὶ
285 2519 348 2606 γὰρ
372 2517 504 2584 δέδοται
525 2518 561 2582 τὸ
580 2521 657 2600 AB,
681 2518 826 2582 δυνατόν
845 2517 935 2583 ἐστιν
954 2519 1044 2608 αὐτῷ
1065 2528 1142 2588 ίσον

125 2631 340 2712 πορίσασθαι.
375 2627 569 2711 πεπορίσθω
587 2621 644 2689 καί
664 2626 746 2689 έστω
765 2624 801 2688 τὸ
820 2628 897 2689 ΔΖ.
933 2626 1044 2710 πάλιν,
1071 2628 1142 2693 ἐπεὶ

127 2732 259 2798 δέδοται
283 2734 319 2797 τὸ
338 2734 414 2815 ΑΓ,
438 2732 584 2795 δυνατόν
608 2728 697 2796 ἐστιν
721 2730 810 2817 αὐτῷ
830 2736 903 2796 ἴσον
921 2735 1142 2817 πορίσασθαι.

127 2842 321 2926 πεπορίσθω
348 2835 404 2903 καὶ
431 2840 513 2903 ἔσται
542 2838 579 2902 τὸ
602 2842 679 2902 ΔΕ.
726 2834 795 2902 ἐπεὶ
818 2833 879 2903 οὖν
903 2843 977 2903 ἴσον
1004 2838 1075 2905 ἐστὶ
1103 2843 1142 2906 τὸ

127 2943 188 3031 μέν
211 2950 278 3010 ΑΒ
301 2954 347 3033 τῷ
370 2949 452 3028 ΔΖ,
479 2945 516 3009 τὸ
540 2940 576 3008 δέ
600 2947 671 3009 AF
689 2953 734 3031 τῷ
757 2949 839 3027 ΔΕ,
867 2946 986 3011 λοιπὸν
1012 2947 1077 3031 ἄρα
1103 2950 1142 3013 τὸ

200 3216 223 3263 3.
245 3208 332 3280 ἔσται]
351 3209 416 3263 add.
431 3227 466 3263 m.
483 3214 498 3261 2
513 3208 577 3263 Vat.
641 3214 666 3263 4.
687 3205 825 3276 δεδομένα
845 3207 987 3265 ὁποσαοῦν
1006 3226 1031 3265 a.
1095 3211 1143 3284 τοί]

128 3281 159 3336 τό
180 3299 204 3335 a.
270 3285 293 3334 5.
314 3278 415 3334 καί-
435 3280 502 3351 ΒΓ]
522 3296 615 3334 om.a.
670 3281 737 3351 τῶν]
756 3287 805 3334 τοῦ
824 3279 889 3334 Vat.
954 3287 996 3337 10.
1016 3282 1092 3338 ἐστιν
1111 3283 1141 3339 Ρ.

166 3359 206 3406 12.
228 3350 288 3406 ίσον
308 3349 382 3406 ἐστίν
401 3368 426 3407 ει,
501 3355 541 3404 13,
561 3349 604 3422 τό]
623 3354 660 3422 τῷ
679 3368 703 3404 a.
782 3351 905 3421 17.’τοῦ]
924 3360 979 3406 τῶν
998 3370 1023 3408 a.
1099 3360 1142 3409 20.

129 3422 255 3494 δέδοται]
275 3443 336 3493 τοτε
355 3441 379 3478 a.
466 3427 509 3477 24.
534 3427 559 3475 Δ
567 3423 599 3492 Ζ]
624 3438 691 3475 corr.
712 3437 746 3474 ex
764 3427 786 3474 A
794 3425 815 3475 Z
833 3439 869 3477 m.
890 3428 905 3475 2
924 3423 989 3478 Vat.
1073 3427 1142 3498 AE]

126 3501 149 3548 A
156 3499 180 3556 Ε
198 3512 222 3549 a.
