2400 3840
136 157 200 222 176
538 161 743 214 ΔΕΔΟΜΕΝΑ.

135 304 172 367 αἱ
199 307 271 385 BA,
290 306 364 367 AF.
412 302 481 368 έπεὶ
508 301 613 368 δοθέν
639 302 729 368 ἐστιν
758 300 912 388 έκύτερον
944 315 1012 367 τῶν
1040 308 1084 386 Β,
1103 310 1147 387 A,

134 408 228 473 θέσει
261 411 324 495 ἄρα
356 407 446 474 ἐστὶν
478 408 498 492 ἡ
527 413 598 473 BA.
656 407 712 473 καὶ
741 407 809 473 ἐπεὶ
838 409 978 473 δοθεῖσοί
1011 408 1102 474 ἐστιν
1131 410 1152 494 ἡ

134 515 200 580 ὑπὸ
232 526 300 579 τῶν
331 518 442 579 ΒΑΓ
473 518 593 599 γωνία,
635 517 774 580 δοθεῖσα
806 517 871 602 ἄρα
904 513 993 580 ἐστὶν
1029 515 1049 598 ἡ
1084 515 1152 581 ὑπὸ

135 624 239 685 BAF.
305 620 374 686 ἐπεὶ
412 617 473 686 οὖν
504 623 588 707 πρὸς
618 619 712 685 θέσει
750 621 867 708 εὐθείᾳ
901 618 957 684 καὶ
989 629 1035 709 τῷ
1068 623 1153 708 πρὸς

99 727 218 812 ὅαύτὴ
251 731 373 815 σημείῳ
407 736 452 813 τῷ
480 732 514 791 A
546 727 662 792 εὐθεῖα
694 721 789 808 ἦκται
821 725 841 807 ἡ
870 728 942 789 AF
969 726 1154 811 δεδομένην

134 842 276 897 ποιοῦσα
294 836 421 915 γωνίαν
439 835 502 916 τὴν
519 833 584 897 ὑπὸ
602 842 671 897 των
687 837 751 896 BA
756 836 794 916 F,
818 832 957 897 δοθεῖσα
977 834 1042 918 ἄρα
1061 832 1153 898 ἐστὶν

136 938 156 1021 ἡ
180 943 251 1003 AF
268 949 307 1024 τῇ
330 937 438 1003 θέσει·
455 935 555 1003 ’θέσει
579 934 616 1002 δὲ
639 936 754 1014 δοθεὶς
776 935 832 1002 καὶ
855 937 872 1003 ὁ
893 942 998 1003 ΑΒΓ
1015 940 1151 1016 κύκλος·

139 1041 243 1109 δοθὲν
267 1047 331 1130 ἄρα
355 1043 423 1109 ἐστὶ
446 1046 484 1108 τὸ
509 1048 541 1109 Γ
559 1055 703 1127 σημεῖον.

620 1259 663 1320 q.

83 1375 116 1424 10
199 1359 276 1425 Ἐὰν
304 1360 367 1426 ἀπὸ
396 1360 577 1445 δεδομένου
606 1364 743 1445 σημείου
769 1361 863 1427 θέσει
887 1361 1070 1446 δεδομένου
1093 1365 1151 1427 κύ-

138 1473 220 1533 κλου
245 1465 452 1552 ἐφαπτομένη
476 1467 593 1532 εὐθεῖα
617 1467 720 1553 ἀχθῇ,
745 1466 877 1532 δέδοται
900 1467 920 1550 ἡ
945 1467 1088 1551 ἀχθεῖσα
1111 1480 1150 1556 τῇ

134 1573 227 1639 θέσει
250 1571 305 1637 καὶ
328 1583 373 1661 τῷ
398 1571 541 1657 μεγέθει.

202 1680 265 1744 ἀπὸ
289 1681 353 1766 γδιρ
373 1679 555 1764 δεδομένου
573 1683 711 1764 σημείου
730 1689 789 1744 τοῦ
806 1684 838 1745 Γ
855 1680 948 1745 θέσει
968 1679 1151 1766 δεδομένου

134 1786 259 1850 κύκλου
278 1795 338 1851 τοῦ
354 1791 420 1850 ΑΒ
444 1784 653 1870 ἐφαπτομένη
673 1786 789 1851 εὐθεῖα
807 1788 902 1870 ἡχθω
921 1786 941 1869 ἡ
958 1789 1032 1851 ΓΑ·
1056 1787 1150 1871 λέγω,

84 1906 117 1955 15
137 1891 187 1956 ὅτι
210 1891 230 1974 ἡ
256 1896 316 1957 ΓΑ
339 1893 454 1958 εὐθεῖα
478 1891 610 1958 δέδοται
633 1902 673 1978 τῇ
697 1891 791 1958 θέσει
814 1891 869 1957 καὶ
893 1902 938 1980 τῷ
962 1892 1106 1977 μεγέθει.

202 2000 353 2082 εἰλήφθω
385 2000 447 2085 γὰρ
476 2000 512 2063 τὸ
540 1997 680 2084 κέντρον
710 2008 771 2064 τοῦ
798 2000 922 2063 κύκλου
950 2001 987 2064 τὸ
1016 2007 1064 2083 A,
1096 1999 1151 2065 καὶ

136 2103 385 2187 ἐπεζεύχθωσαν
405 2105 443 2169 αῖ
457 2110 534 2188 AA,
548 2111 581 2168 A
587 2108 622 2169 F.
660 2103 730 2170 ἐπεὶ
754 2104 858 2170 δοθέν
882 2105 972 2170 ἐστιν
995 2103 1151 2192 ἑκάτερον

135 2219 204 2274 τῶν
225 2216 268 2294 A,
288 2214 324 2294 F,
349 2212 488 2277 δοθεῖσα
511 2213 576 2297 ύρα
599 2210 689 2275 ἐστὶν
712 2210 732 2293 ἡ
756 2215 831 2276 AF.
868 2214 927 2276 καί
947 2210 1038 2276 έστιν
1061 2212 1150 2298 ὀρθὴ

135 2316 155 2398 ἡ
179 2317 244 2381 ὑπὸ
268 2327 337 2382 τῶν
358 2323 425 2381 AA
431 2321 463 2382 F
481 2320 604 2400 γωνία·Ι
627 2319 664 2382 τὸ
689 2319 753 2404 ύίρα
778 2316 831 2382 ἐπὶ
853 2327 911 2402 τῆς
933 2321 1006 2383 AF
1023 2321 1150 2405 γραφό-

82 2436 117 2484 20
135 2444 236 2505 μενον
263 2422 459 2506 ἡμικύκλιον
486 2421 554 2506 ἡξει
583 2424 639 2488 διὰ
666 2432 726 2489 τοῦ
755 2430 796 2489 Α.
851 2422 954 2507 ἡκέτω
980 2421 1036 2488 καὶ
1065 2427 1150 2489 ἔστω

208 2583 231 2631 1.
251 2578 300 2632 καὶ
319 2575 379 2631 ἐπεί
397 2596 422 2632 V.
497 2577 630 2647 ἑκάτερον
648 2581 715 2652 τῶν]
736 2578 853 2634 ἕκαστον
872 2588 920 2649 τῆς
939 2597 963 2634 a.
1038 2586 1063 2634 2.
1082 2581 1152 2634 Post

136 2653 184 2702 BA
203 2648 269 2701 inP
287 2649 335 2703 καλ
355 2648 415 2702 ἐπεὶ
434 2648 554 2704 δοθεῖσα
573 2650 647 2705 ἐστιν
665 2651 683 2720 ἡ
703 2655 752 2704 ΒΔ
771 2652 800 2704 οῖ
816 2649 894 2704 uncis
914 2653 943 2704 et
960 2650 1073 2720 punctis
1094 2651 1148 2706 del.

135 2737 170 2773 m.
192 2725 215 2774 1.
298 2717 363 2791 καί]
384 2737 436 2774 om.
458 2737 482 2774 a.
574 2726 597 2775 3.
622 2721 691 2775 Ροεῖ
709 2719 798 2790 γωνία
816 2721 881 2775 hab.
901 2718 951 2776 καί
969 2720 1044 2776 ἐστιν
1062 2724 1151 2792 αὐτῆς

136 2792 220 2860 δικλὴ
238 2791 257 2860 ἡ
275 2791 331 2846 ὑπὸ
350 2799 399 2860 τῆς
417 2796 466 2846 BA
473 2795 500 2845 Γ
514 2808 539 2845 a.
625 2791 742 2864 ἡ(ο11.)]
763 2792 811 2847 καὶ
829 2791 847 2861 ἡ
866 2792 962 2847 Vab.v.
1049 2799 1075 2848 4.
1094 2803 1150 2848 τῶν

136 2865 218 2915 ΒΔΓ
232 2862 314 2931 vat„
337 2870 386 2932 τῆς
405 2868 453 2917 BA
461 2867 487 2916 Γ
502 2859 589 2932 γωνία
609 2879 633 2917 a.
725 2869 749 2917 5.
774 2865 874 2918 εύθεῖα
893 2863 1006 2933 γραμμή
1024 2880 1048 2918 a.
1124 2871 1148 2918 6.

136 2933 204 3004 τῶν]
223 2941 273 3002 τῆς
291 2950 321 3001 a3
345 2933 414 2987 item
433 2932 481 2987 lin.
503 2938 543 2988 19.
622 2935 719 3006 BAF]
740 2938 858 2988 BAFa.
931 2936 1051 2989 δοθεῖσα
1070 2963 1104 2975 -
1125 2940 1148 2989 λ.

136 3007 220 3056 ΑΒΓ
251 3021 304 3059 om.
316 3022 341 3060 a.
397 3011 421 3059 7.
436 3004 505 3058 Post
516 3005 617 3067 κύκλος
631 3005 695 3059 add.
707 3003 797 3060 δοθέν
807 3004 863 3073 ἄρα
873 3005 947 3061 ἐστὶν
956 3006 974 3075 ἡ
984 3010 1054 3060 ΔΓ·
1069 3003 1150 3060 θέσει

136 3071 167 3128 δὲ
182 3095 219 3129 κα
244 3075 275 3129 τὸ
289 3079 374 3129 ΑΒΓ
383 3076 484 3138 κύκλος
497 3078 607 3146 (comp.)
618 3093 642 3130 a.
699 3081 722 3131 8.
737 3076 807 3130 Post
816 3084 930 3145 σημεῖον
944 3076 998 3130 del.
1011 3074 1079 3145 ὅπερ
1092 3075 1148 3130 έδει

136 3146 227 3210 δεῖξαι
240 3165 276 3199 m.
288 3151 311 3200 1.
322 3147 387 3201 Vat.
443 3152 466 3201 9.
488 3146 531 3271 η’]
553 3146 603 3217 qa'
618 3146 693 3216 Vah,
713 3147 789 3215 αδδς
808 3147 865 3201 πῖν’
880 3149 914 3218 β(
931 3150 949 3217 ).
1007 3152 1048 3202 10.
1069 3149 1150 3202 δεδο-

136 3214 236 3288 μένου]
260 3234 312 3271 om.
333 3219 358 3288 β.
451 3223 491 3272 11.
531 3215 708 3290 φαπτομένη]
733 3238 780 3287 -ης
797 3215 977 3286 περιφερείας
998 3219 1024 3288 β.
1107 3223 1149 3273 13.

137 3286 251 3356 σημείου
271 3320 303 3328 -
324 3285 490 3360 δεδομένον]
511 3304 565 3344 om.
585 3305 609 3342 a.
689 3294 729 3343 14.
754 3290 854 3343 εὐθεῖα
871 3288 984 3359 γραμμή
1003 3306 1028 3343 a.
1107 3293 1149 3343 15.

137 3359 250 3429 εὐθεῖα]
272 3375 324 3412 om.
345 3375 369 3412 a.
458 3364 499 3412 16.
518 3367 568 3413 τοῦ
587 3359 703 3430 κύκλον]
725 3375 778 3412 om.
798 3376 823 3413 a.
907 3365 948 3415 18.
967 3359 1106 3485 τῶνχτης
1123 3376 1148 3414 a.

162 3434 218 3552 ,θθθ
243 3428 420 3501 ἡμικύκλιον]
445 3447 513 3484 corr.
538 3445 572 3483 ex
596 3430 698 3485 κύκλον
720 3447 756 3485 m.
776 3435 792 3482 2
817 3429 881 3484 vat.
977 3430 1014 3500 ἡκ
1046 3451 1067 3485 ω
1106 3430 1149 3497 έρ-

136 3515 184 3567 χεσ
207 3519 229 3552 ω
248 3515 272 3552 a.
