2400 3840
68 159 116 212 LII
436 160 714 213 PROLEGOMENA.

69 301 196 355 codicum
215 316 352 354 consensu
370 299 454 354 facile
474 300 536 369 quis
555 299 720 369 adducatur,
739 303 772 354 nt
788 300 838 355 ille
857 303 907 355 aut
923 301 1079 373 exemplari

69 397 103 434 ea
122 380 314 451 discrepantia
331 380 389 434 iam
404 381 469 434 ante
484 380 641 435 deformato
655 398 721 434 usus
737 380 782 450 sit,
802 383 852 434 aut
865 380 927 451 ipse
940 381 1081 437 Daturum

68 459 173 514 librum
190 460 361 515 recensuerit
368 462 396 530 ¹).
435 461 485 514 sed
503 478 568 514 cum
585 459 675 530 Pappi
692 461 762 514 fides
780 461 952 530 permultum
976 461 1007 516 in
1026 463 1080 518 hac

68 556 98 593 re
116 540 248 610 ponderis
266 541 373 595 habeat
391 542 420 594 et
437 557 517 610 prop.
532 545 564 593 77
584 540 682 594 eadem
697 539 735 594 sit
748 557 782 594 ac
795 557 873 611 prop.
889 546 932 611 64,
950 559 1030 612 prop.
1048 548 1080 598 78

67 622 162 674 autem
181 620 254 674 nihil
272 619 328 674 nisi
346 637 427 674 casus
447 620 563 689 quidam
580 619 731 690 peculiaris
751 637 828 691 prop.
844 626 891 689 69,
915 621 946 675 ιιι
965 623 1081 691 quidem

67 717 118 770 pro
137 703 212 755 certo
236 700 401 755 sumendum
415 702 466 768 est,
484 716 583 771 propp.
598 705 640 769 63,
652 705 694 768 77,
706 706 739 754 78
758 715 815 752 non
833 699 869 753 ab
884 700 1002 755 Euclide
1016 718 1081 771 pro-

38 802 40 806 ’
68 779 157 834 factas
173 797 205 835 ac
215 780 310 850 potius
324 782 389 850 post
398 781 526 850 Pappum
540 782 569 834 et
579 781 645 833 ante
654 780 798 834 Thoonem
811 779 999 850 interpolatas
1009 798 1079 837 esse.

138 862 198 916 Neo
216 863 281 931 post
299 861 442 915 Thoonem
463 860 622 930 defuerunt,
646 859 696 928 qui
715 859 852 914 Daturum
874 860 979 914 librum
1003 861 1081 915 omni

67 958 168 1012 genere
182 941 433 1010 interpolationum
446 940 678 995 contaminarent.
702 956 736 993 ac
749 939 871 1009 primum
885 940 1000 1009 quidem
1015 959 1080 997 con-

68 1024 138 1090 stat,
168 1038 230 1076 eam
253 1020 485 1091 propositionem,
514 1037 587 1088 quae
609 1020 696 1091 uulgo
719 1021 763 1074 est
786 1025 833 1089 87,
862 1036 925 1087 cum
949 1021 1080 1089 sequenti

68 1101 200 1156 lemmate
220 1101 256 1154 ab
275 1100 389 1155 homine
407 1099 632 1154 ratiocinationis
652 1099 842 1169 sermonisque
860 1099 991 1155 Euclidei
1010 1101 1079 1156 satis

66 1181 158 1251 perito
176 1180 274 1251 primis
298 1183 363 1251 post
380 1180 523 1234 Thoonem
541 1180 661 1234 sacculis
680 1179 882 1250 interpolatam
904 1197 974 1237 esse.
1011 1199 1081 1236 nam

68 1261 99 1314 in
118 1260 322 1329 antiquissimis
342 1262 371 1314 et
388 1260 502 1330 optimis
522 1260 665 1314 codicibus
689 1263 740 1314 aut
757 1260 837 1315 deest
855 1261 906 1314 aut
924 1259 954 1314 in
973 1277 1079 1331 appen-

68 1339 130 1392 dice
149 1356 206 1392 una
224 1355 288 1392 cum
306 1338 420 1393 scholiis
443 1338 614 1407 quibusdam
636 1338 682 1394 uel
705 1340 736 1393 in
758 1339 886 1411 margine
910 1340 1012 1396 addita
1035 1344 1079 1396 est

66 1423 103 1488 (ιι.
123 1437 149 1489 p.
166 1424 218 1473 990
235 1420 313 1487 not).
349 1435 441 1488 neque
464 1420 757 1490 praetermittendum,
785 1421 816 1475 in
837 1421 1079 1476 demonstratione

65 1497 202 1551 nonnulla
220 1496 353 1567 inueniri,
380 1514 453 1566 quae
471 1498 590 1554 nimiam
609 1499 788 1571 diligentiam
805 1501 928 1556 hominis
948 1502 1025 1557 docti
1044 1504 1078 1557 de

66 1577 163 1632 schola
181 1576 335 1647 redoleant,
354 1579 434 1632 uelut
451 1597 508 1634 non
523 1579 640 1634 fortuito
654 1580 762 1634 factum
776 1582 827 1649 est,
846 1584 886 1651 nt,
906 1598 970 1636 cum
983 1581 1078 1637 Eucli-

37 1661 39 1666 '
66 1658 115 1711 des
134 1657 164 1711 in
182 1658 355 1729 rectangulis
374 1658 567 1728 significandis
585 1660 743 1731 promiscue
762 1663 847 1729 atque
867 1661 926 1716 sine
945 1662 1005 1717 ullo
1022 1662 1079 1717 dis-

66 1738 180 1792 crimine
195 1737 318 1792 mediam
331 1738 458 1793 litteram
472 1741 591 1795 duarum
604 1743 744 1796 rectarum
759 1758 934 1796 communem
948 1745 978 1796 et
989 1745 1079 1813 ponat

66 1821 94 1873 et
108 1818 223 1873 omittat
237 1818 369 1889 dicatque
388 1822 417 1875 et
430 1821 462 1875 τὸ
475 1821 531 1875 ὑπὸ
545 1829 600 1876 τῶν
614 1826 671 1890 AB,
685 1825 740 1875 ΒΓ
756 1823 785 1875 et
802 1821 834 1875 τὸ
848 1821 904 1875 ὑπὸ
917 1830 972 1876 τῶν
987 1828 1076 1891 ΑΒΓ,

65 1898 252 1969 interpolator
270 1900 318 1955 illc
337 1917 513 1956 communem
530 1901 657 1956 litteram
675 1900 805 1955 omnibns
823 1900 893 1954 locis
911 1902 1077 1972 reposuerit.

65 1979 176 2034 accedit
199 1981 275 2049 quod
293 1982 380 2036 uerba
398 2001 426 2052 p.
442 1987 502 2050 999,
518 1988 552 2036 98
576 1981 663 2044 οὕτως
680 1981 733 2052 γὰρ
753 1980 842 2036 δοθὲν
861 1978 1006 2053 ἀφῄρηται
1028 1984 1078 2037 ad·

64 2061 180 2114 modum
203 2064 334 2131 suspecta
357 2064 430 2117 sunt.
477 2061 598 2130 denique
621 2064 683 2116 tota
704 2060 861 2132 propositio
883 2061 914 2115 in
937 2062 1034 2118 codice
1055 2063 1078 2117 P

65 2140 180 2208 quidem
198 2142 295 2195 multis
314 2141 488 2211 compendiis
507 2141 613 2211 scripta
632 2144 683 2211 est,
702 2158 774 2211 quae
789 2141 820 2195 in
833 2140 934 2195 ceteris
947 2142 1077 2211 partibus

65 2218 132 2274 libri
145 2214 202 2274 n'on
217 2223 372 2275 occurrunt.
402 2220 521 2274 alteram
535 2237 646 2289 quoque
661 2221 930 2276 demonstrationem
942 2239 1021 2293 prop
1036 2229 1077 2292 19,

65 2299 247 2368 quaeincod.
260 2300 366 2355 adeest
367 2303 452 2370 post
460 2300 602 2355 Theonem
611 2301 812 2371 mterpolatam
822 2317 882 2356 esse
892 2303 970 2372 puto
990 2306 1076 2372 atque

64 2379 140 2433 idem
154 2379 304 2433 dicendum
317 2382 362 2434 est
379 2379 448 2434 de'
429 2398 464 2434 us
479 2380 690 2449 additamentis,
709 2398 782 2451 quae
796 2381 827 2434 in
841 2381 981 2435 communi
996 2383 1074 2438 fonte

65 2459 145 2514 codd
164 2444 280 2514 PVat.v
299 2459 545 2530 deprehendimus,
568 2479 595 2515 u.
614 2479 640 2531 p
656 2461 728 2516 XVl
765 2463 912 2532 praeterea
935 2465 1077 2532 quaedam

66 2538 138 2593 de'
119 2557 153 2592 ns
160 2555 260 2607 ,quae
279 2555 363 2609 supra
382 2540 470 2594 statui
490 2558 507 2595 a
525 2541 637 2595 Τιιιιοιιιι
656 2540 761 2595 omissa
779 2558 852 2611 esse,
872 2541 908 2596 iis
917 2542 993 2611 ,qui
1011 2545 1077 2613 post

67 2635 132 2672 eum
150 2618 180 2671 in
198 2617 403 2688 interpolandis
416 2619 498 2674 Datis
517 2621 610 2675 oleum
629 2623 657 2676 et
676 2638 790 2692 operam
806 2622 1027 2693 perdiderunt·
1019 2641 1078 2679 rure

64 2698 153 2752 tribui
170 2699 245 2753 licet.

136 2779 251 2835 Procius
269 2780 355 2834 miror
374 2781 450 2850 quod
467 2802 494 2852 p.
511 2787 552 2852 99,
568 2788 654 2852 2sqq.
675 2781 717 2836 ed.
733 2781 883 2851 Priedlein,
902 2782 952 2837 ubi
971 2783 1077 2854 scripta

65 2858 191 2913 Euclidis
206 2862 414 2928 commemorat,
433 2863 545 2929 praeter
557 2862 756 2917 Phaenomena
771 2862 857 2916 etiem
870 2863 946 2917 Data
960 2863 1076 2918 omittit.

64 2959 91 3008 p.
108 2944 167 3007 936,
184 2944 287 2993 18-19
308 2941 411 3008 autem,
431 2957 514 3009 quem
532 2941 625 2997 locum
639 2943 660 2996 F
662 2941 785 2996 abricius
799 2941 873 2996 Bihl.
889 2941 934 2996 Gr.
950 2942 989 2996 17
1003 2961 1029 3012 p.
1042 2948 1075 2996 79

66 3146 108 3199 ed.
127 3143 248 3199 Hultsch
268 3163 374 3270 p,
313 3149 374 3215 610,
394 3151 454 3214 619,
474 3152 533 3200 616.
570 3144 677 3200 idem
668 3164 698 3200 1n
721 3145 846 3201 Euclidis
869 3146 1075 3202 Phaenomenis

65 3215 267 3270 recensionea
311 3232 357 3286 ea,
386 3233 459 3285 qnae
483 3218 520 3271 ad
542 3234 593 3271 nos
616 3217 756 3287 peruenit,
787 3217 899 3272 diuersa
921 3234 989 3272 usus
1013 3235 1075 3272 esse

65 3286 190 3354 uidetur3
209 3304 235 3342 ιι.
253 3305 280 3357 p
297 3292 347 3341 691
362 3290 421 3342 not

137 3361 163 3427 1)
183 3330 314 3429 Pappum
332 3358 590 3414 commentarium'
581 3377 611 3412 ιιι
629 3357 704 3412 Data
722 3357 867 3429 scripsisse
885 3358 946 3413 ueri
965 3359 1075 3414 similli-

64 3447 141 3482 mum
160 3431 215 3498 est;
242 3448 268 3484 u.
274 3430 459 3512 Merinusp.
475 3436 527 3485 966
542 3432 619 3498 extr,
645 3445 729 3498 quem
747 3429 840 3485 locum
857 3429 1076 3501 Heibcrg(St11·

65 3500 131 3554 dien
149 3519 175 3586 p.
192 3501 280 3572 173)'
271 3518 332 3555 rure
350 3504 438 3573 negat
456 3502 494 3556 ad
511 3500 601 3571 Pappi
620 3499 820 3555 Collectionem
837 3517 920 3571 posse
938 3503 1077 3558 reuocari
