2400 3840
127 173 169 236 94
531 173 736 225 AEAOMENA.

126 310 255 400 δοθείς,
287 314 342 381 καὶ
375 315 626 416 ἀναγέγραπται
652 314 716 380 ἀπὸ
748 325 815 379 τῶν
843 321 876 379 Α
882 319 926 398 Β,
952 318 1013 379 ΓΛ
1046 315 1146 400 ὅμοια

126 422 181 488 καὶ
208 424 330 507 ὁμοίως
356 426 488 506 κείμενα
515 422 736 507 εὐθύγραμμα
763 422 804 485 τδι
831 425 953 505 ΑΗΒ,
974 426 1016 504 Ζ,
1046 425 1147 504 λόγος

126 532 190 614 ἀρα
213 539 273 593 τοῦ
292 532 399 593 ΑΗΒ
422 530 505 614 πρὸς
528 530 564 592 τὸ
585 533 613 592 Ζ
636 529 763 604 δοθείς·
787 536 848 592 τοῦ
872 524 908 592 δὲ
929 531 1037 592 ΑΗΒ
1061 530 1146 614 πρὸς

126 638 163 700 τὸ
186 641 218 699 E
244 639 342 718 λόγος
369 633 437 698 ἐστὶ
465 634 593 710 δοθείς·
625 632 680 698 καὶ
708 642 768 698 τοῦ
792 635 918 719 Ε-ἀρα
946 634 1030 719 πρὸς
1053 636 1091 699 τὸ
1117 639 1144 698 Ζ

92 761 107 808 5
128 745 226 824 λόγος
249 740 317 805 ἐστὶ
341 742 465 816 δοθείς.

603 881 669 965 νβ’.

187 1008 263 1073 Ἐὰν
286 1009 350 1074 ἀπὸ
374 1005 553 1091 δεδομένης
575 1006 711 1081 εὐθείας
737 1015 782 1093 τῷ
806 1005 939 1090 μεγέθει
963 1004 1145 1090 δεδομένον

126 1108 171 1203 τῷ
200 1116 281 1179 εέδει
310 1110 399 1191 εἶδος
426 1113 619 1198 ἀναγραφῇ,
653 1111 785 1176 δέδοται
812 1114 849 1176 τὸ
874 1109 1069 1198 ἀναγραφέν
1096 1123 1143 1201 τῷ

126 1219 268 1304 μεγέθει.

74 1344 108 1392 10
194 1326 258 1390 ἀπὸ
291 1327 354 1410 γὰρ
388 1323 567 1408 δεδομένης
594 1324 728 1400 εὐθείας
755 1334 801 1412 τῷ
828 1322 962 1408 μεγέθει
990 1334 1048 1408 τῆς
1076 1330 1143 1390 ΑΒ

127 1431 307 1516 δεδομένον
335 1441 380 1519 τῷ
404 1432 485 1495 εῖδει
513 1426 601 1506 εἶδος
624 1429 870 1516 ἀναγεγράφθω
899 1431 936 1494 τὸ
960 1434 1142 1495 ΑΓΛΒΒ

127 1538 220 1623 λέγω,
244 1540 294 1603 ὅτι
318 1540 355 1602 τὸ
379 1540 546 1601 ΑΓΔΕΒ
570 1535 702 1601 δέδοται
725 1547 770 1624 τῷ
795 1536 937 1621 μεγέθει.

193 1644 439 1730 ἀναγεγράφθω
458 1645 522 1729 γὰρ
541 1642 604 1708 ἀπὸ
624 1653 682 1726 τῆς
696 1647 761 1708 ΑΒ
780 1644 989 1729 τετράγωνον
1007 1645 1045 1708 τὸ
1060 1649 1142 1708 ΑΖ·

126 1749 259 1815 δέδοται
282 1752 347 1836 ἀρα
369 1751 406 1814 τὸ
425 1756 458 1814 Α
464 1753 492 1812 Ζ
514 1759 560 1836 τῷ
579 1749 661 1813 εἴδει
679 1747 735 1813 καὶ
753 1758 799 1836 τῷ
817 1748 961 1833 μεγέθει.
997 1748 1054 1814 καὶ
1073 1749 1143 1816 ἐπεὶ

74 1874 106 1920 15
126 1857 190 1922 ἀπὸ
213 1866 270 1940 τῆς
293 1856 395 1940 αὐτῆς
418 1856 551 1932 εὐθείας
573 1865 631 1938 τῆς
649 1859 716 1919 ΑΒ
740 1856 802 1920 δύο
821 1855 1043 1941 εὐθύγραμμα
1062 1856 1142 1921 ἀνα-

126 1963 305 2050 γέγραπται
328 1961 490 2046 δεδομένα
512 1971 557 2049 τῷ
582 1962 663 2026 εἴδει
685 1963 726 2025 τὰ
744 1967 777 2025 Α
783 1965 923 2046 ΓΔΕΒ,
942 1969 974 2026 Α
981 1967 1019 2046 Ζ,
1042 1966 1143 2046 λόγος

125 2072 189 2156 ἀρα
221 2078 281 2134 τοῦ
309 2072 477 2134 ΑΓΛΕΒ
507 2070 590 2153 πρὸς
615 2069 653 2132 τὸ
681 2072 748 2162 ΑΖ
780 2068 908 2151 δοθείς·
941 2067 1076 2134 δέδοται
1104 2069 1143 2135 δὲ
1176 2057 1180 2067 ’

125 2177 162 2240 τὸ
186 2181 252 2239 ΑΖ
275 2185 320 2263 τῷ
344 2173 491 2259 μεγέθει·
520 2173 653 2239 δέδοται
676 2176 741 2259 ἀρα
763 2172 879 2238 καὶτὸ
903 2178 1071 2240 ΑΓΔΕΒ
1095 2187 1141 2265 τῷ

125 2281 267 2364 μεγέθει.

72 2405 106 2453 ιο
602 2385 666 2470 ιη’.

190 2510 266 2575 Ἐὰν
289 2513 351 2576 δύο
371 2513 446 2594 εἴδη
470 2521 515 2599 τῷ
534 2512 615 2576 εἴδει
638 2510 800 2596 δεδομένα
822 2505 843 2598 ᾖ
862 2510 918 2576 καὶ
935 2515 994 2595 μία
1012 2514 1141 2599 πλευρὰ

125 2627 185 2682 τοῦ
212 2615 292 2694 ’ἑνὸς
320 2619 403 2704 πρὸς
431 2621 511 2702 μίαν
538 2620 685 2703 πλευρὰν
717 2628 777 2684 τοῦ
805 2617 918 2704 ἑτέρου
951 2620 1052 2700 λόγον
1083 2622 1140 2704 ἔχη

125 2723 319 2807 δεδομένον,
350 2723 405 2789 καὶ
437 2727 475 2789 αἱ
504 2723 615 2790 λοιπαὶ
647 2722 787 2810 πλευραὶ
818 2726 901 2810 πρὸς
932 2725 991 2800 τὰς
1023 2726 1141 2801 λοιπὰς

124 2833 268 2917 πλευρὰς
290 2835 391 2914 λόγον
414 2830 525 2910 ἕξουσι
548 2830 737 2914 δεδομένον.

196 3029 219 3078 2.
240 3024 438 3095 εὐθύγραμμοι]
458 3041 511 3078 om.
524 3023 621 3097 Vah}
693 3020 740 3094 τά]
759 3023 796 3076 τώ
815 3022 879 3076 Μ.
952 3022 1049 3093 ΑΗΒ]
1069 3038 1138 3077 corr.

125 3111 159 3148 ex
177 3100 254 3148 ΑΒΒ
273 3113 302 3148 m
329 3095 438 3162 Nat„
461 3094 587 3148 ABEb.
679 3099 702 3146 3.
727 3097 810 3146 ΑΗΒ
830 3093 1011 3163 (utmmque)]
1034 3093 1137 3147 AHb.

160 3172 184 3221 4.
210 3169 235 3219 Ε
250 3165 333 3238 (alt.)]
357 3183 410 3220 om.
430 3165 456 3220 b.
540 3170 563 3219 8.
584 3160 660 3226 εἶδος
678 3165 831 3235 ἀναγραφῇ
849 3168 887 3236 τῷ
906 3162 976 3217 εἴδει
993 3163 1021 3218 b.
1097 3170 1138 3218 11.

124 3238 172 3308 τῷ]
191 3236 222 3290 τό
241 3237 364 3292 Pvat.v.
421 3233 496 3299 εἶδος
509 3241 547 3308 τῷ
561 3234 631 3289 εέδει
648 3235 675 3289 b.
732 3242 773 3290 12.
793 3235 898 3289 PostA
917 3234 1026 3289 adds(
1041 3253 1068 3303 v,
1089 3235 1139 3288 sed

124 3307 243 3362 ras.del.
299 3307 591 3378 APAEB]B0m.b.
648 3312 688 3360 13.
711 3304 777 3378 γάρ]
796 3323 849 3361 om.
860 3306 887 3361 b.
944 3311 985 3360 14.
1005 3305 1049 3378 τό]
1070 3323 1138 3360 corr.

125 3394 159 3430 ex
177 3383 214 3431 τῶ
232 3397 268 3432 m.
285 3386 299 3431 1
319 3398 344 3433 v.
411 3385 451 3432 15.
472 3375 611 3445 δεδομένα
629 3382 667 3450 τῷ
686 3375 755 3431 εἴδει
773 3375 986 3447 ἀναγέγραπται
1003 3377 1030 3432 b.
1097 3383 1138 3431 16.

124 3454 161 3501 τῶ
181 3433 261 3519 εέδει]
281 3467 334 3504 om.
353 3449 418 3504 vat.
492 3455 534 3503 17.
555 3447 721 3503 δέδοται-
740 3453 781 3503 18.
802 3446 928 3520 μεγέθει]
948 3465 1001 3501 om.
1021 3447 1139 3502 Pvam

124 3503 228 3588 Hardy.
316 3526 356 3574 17.
377 3518 502 3591 δέδοται]
522 3517 612 3575 δοθέν
632 3519 782 3588 Gregorius
802 3522 831 3573 et
848 3519 1014 3588 Peyrardus.
1093 3516 1137 3590 δέ]
