2400 3840
520 144 624 195 nlrn.
1036 143 1078 208 59

129 307 207 349 nom
235 283 275 349 ed
299 285 469 368 parallelas
492 290 598 350 rectas
621 286 782 369 positione
807 288 897 351 datas
922 292 997 372 AB,
1017 291 1078 353 ΓΔ

61 414 82 455 a
111 391 187 455 dato
216 394 338 473 pnnoto
366 395 398 454 E
427 394 517 454 reeta
548 391 634 455 linea
666 392 802 456 ducetur
829 397 939 457 EZH.
996 394 1078 479 dieo,

59 496 223 563 rationem
247 501 310 561 ΕΖ
325 519 332 559 :
348 500 421 560 ZH
438 496 549 561 datam
571 519 649 560 esse.

128 625 205 667 nam
232 603 369 667 dueatur
396 624 415 665 a
441 608 562 686 puncto
589 607 621 666 E
647 604 687 666 ad
716 606 777 668 ΓΔ
803 605 1076 687 perpendicularis

60 713 173 775 ΕΚΘ.
212 708 365 793 quoniam
389 731 408 772 a
431 709 507 775 dato
525 713 647 793 punoto
662 713 695 773 Ε
714 710 755 772 ad
772 715 896 774 rectam
914 711 1076 795 positione

544 816 653 879 datam
677 819 738 879 ΓΔ
761 821 849 881 reeta
871 817 957 881 linea
979 818 1077 883 dueta

543 926 593 985 est
642 926 713 986 ΕΘ
771 923 883 987 datum
932 923 1075 990 efficiens

426 1005 435 1017 ⁴
542 1027 698 1112 angulum
712 1032 825 1111 ΕΘΗ,
840 1033 906 1094 ΕΘ
924 1030 1000 1094 data
1014 1031 1076 1094 erit

448 1104 478 1155 B
539 1133 703 1218 positione
733 1135 837 1218 [prop.
861 1135 977 1220 XXX}
1024 1160 1076 1201 ue·
1149 1206 1154 1213 ,

539 1262 612 1304 rum
635 1240 735 1305 etiarn
757 1246 895 1325 utraque
915 1247 980 1307 AB
986 1295 995 1327 ‚
1015 1246 1076 1307 ΓΔ

451 1367 484 1425 Δ
540 1346 701 1430 positione
739 1348 814 1412 data
856 1353 919 1434 est3
964 1349 1075 1433 itaque

540 1457 713 1537 utrumque
761 1459 919 1537 punctum
965 1458 1013 1540 K,
1047 1460 1076 1520 Θ

56 1565 173 1629 datum
196 1566 247 1626 est
275 1561 378 1645 [prop.
397 1559 514 1643 XXV]
562 1581 677 1623 uerum
700 1559 799 1623 etiarn
822 1564 854 1623 Ε
880 1561 992 1625 datum
1015 1566 1074 1625 est.

56 1671 171 1752 itaque
189 1671 325 1749 utraque
344 1669 419 1750 ΕΚ,
432 1669 501 1730 ΚΘ
523 1667 599 1729 data
617 1669 667 1729 est
686 1665 791 1749 [prop.
804 1664 938 1749 XXVI}
976 1687 1074 1748 quare

57 1775 145 1840 ratio
168 1776 238 1837 ΕΚ
249 1797 256 1836 :
271 1776 339 1836 ΚΘ
362 1773 437 1836 data
460 1776 510 1836 est
533 1771 636 1855 [prop.
656 1771 695 1853 Π.
742 1776 775 1835 et
798 1776 847 1835 est

282 1875 851 1960 EK2Ko=EZ:ZH[W‚2].

60 1377 289 1454 prro

57 2009 138 2073 ergo
162 1986 261 2051 etiam
284 1984 368 2049 ratio
392 1989 455 2049 ΕΖ
471 2007 478 2047 :
494 1987 566 2047 ZH
585 1984 660 2047 data
683 1986 733 2046 est
756 1983 831 2067 [des.
852 1983 895 2066 2}

501 2211 632 2277 XXXV.

125 2337 159 2404 si
183 2362 202 2403 a
225 2340 301 2403 dato
324 2342 446 2422 puncto
471 2338 511 2401 ad
533 2342 656 2402 rectam
676 2337 838 2421 positione
858 2337 966 2402 datam
985 2341 1074 2403 reota

55 2447 145 2512 linea
167 2446 297 2510 ducitur
320 2449 352 2510 et
376 2444 552 2508 seeundum
576 2445 685 2509 datam
702 2444 862 2508 rationem
882 2448 1017 2529 secatur,
1041 2450 1073 2509 et

54 2575 116 2640 per
138 2556 295 2635 punctum
319 2550 473 2616 sectionis
496 2556 602 2615 reotoe
625 2550 787 2634 positione
807 2552 900 2615 datae
919 2552 1074 2634 parallelo.

55 2662 147 2723 reeta
169 2657 255 2722 linea
278 2658 415 2741 ducitur,
438 2658 535 2722 dueta
556 2662 645 2722 reeta
669 2657 744 2720 data
767 2661 816 2720 est
839 2657 1009 2741 positione.

126 2785 203 2827 narn
226 2764 343 2827 adsto
367 2765 488 2847 puncto
512 2768 544 2827 A
567 2763 608 2826 ad
631 2767 754 2826 rectam
777 2763 939 2845 positione
963 2763 1073 2827 datam

60 2874 123 2935 ΓΒ
159 2873 249 2934 reota
279 2869 365 2932 linea
398 2875 468 2933 ΑΛ
505 2869 641 2933 dueatur
673 2873 706 2932 et
738 2873 865 2933 secetur
897 2869 1072 2933 seeundum

57 2977 169 3040 datam
191 2975 352 3039 rationem
370 2979 459 3039 ΛΕε
474 2979 549 3058 ΕΑ,
573 2978 605 3037 et
629 2974 764 3038 ducatur
786 2996 844 3058 per
866 2978 1024 3056 punotnm
1042 2979 1075 3039 Ε

55 3085 164 3146 rectae
197 3084 265 3145 ΒΓ
295 3080 450 3165 parallelo
483 3083 592 3144 ΖΕΗ.
653 3079 739 3162 dioo,
776 3082 884 3144 ΖΕΗ
910 3079 1071 3161 positione

56 3189 168 3254 datam
191 3210 269 3254 esse.

93 3420 134 3470 15.
152 3414 208 3486 λε’]
227 3415 273 3471 λς’
294 3417 319 3486 β.
393 3419 434 3469 22.
457 3414 518 3484 ΓΒ]
540 3416 589 3466 ΓΔ
607 3411 730 3480 PVat.v‚
752 3412 804 3465 ΘΒ
823 3425 852 3475 a3
873 3424 941 3463 corr.
961 3409 1070 3465 Monac.

16 3564 19 3570 .
54 3491 107 3541 eo1
128 3504 164 3540 m.
184 3491 208 3541 2.
249 3538 251 3543 ,
281 3491 324 3541 25.
347 3485 448 3556 ΖΕΗ]
471 3489 568 3540 zea.
