<?xml version="1.0" encoding="UTF-8"?>
<!DOCTYPE html PUBLIC "-//W3C//DTD XHTML 1.0 Transitional//EN"
    "http://www.w3.org/TR/xhtml1/DTD/xhtml1-transitional.dtd">
<html xmlns="http://www.w3.org/1999/xhtml" xml:lang="en" lang="en">
 <head>
  <title>
</title>
<meta http-equiv="Content-Type" content="text/html;charset=utf-8" />
  <meta name='ocr-system' content='tesseract 3.04.00' />
  <meta name='ocr-capabilities' content='ocr_page ocr_carea ocr_par ocr_line ocrx_word'/>
</head>
<body>
  <div class='ocr_page' id='page_1' title='image "./euclidisoperaom05unkngoog_0091.png"; bbox 0 0 2400 3840; ppageno 0'>
   <div class='ocr_carea' id='block_1_1' title="bbox 106 129 717 194">
    <p class='ocr_par' dir='ltr' id='par_1_1' title="bbox 106 129 717 194">
     <span class='ocr_line' id='line_1_1' title="bbox 106 129 717 194; baseline 0.005 -17"><span class='ocrx_word' id='word_1_1' title='bbox 106 130 151 194; x_wconf 76' lang='lat'><em>13</em></span> <span class='ocrx_word' id='word_1_2' title='bbox 512 129 717 180; x_wconf 72' lang='lat' dir='ltr'><em>AEAOMENA.</em></span> 
     </span>
    </p>
   </div>
   <div class='ocr_carea' id='block_1_2' title="bbox 54 270 1132 1947">
    <p class='ocr_par' dir='ltr' id='par_1_2' title="bbox 54 270 1132 1947">
     <span class='ocr_line' id='line_1_2' title="bbox 106 270 1129 356; baseline 0.001 -19"><span class='ocrx_word' id='word_1_3' title='bbox 106 275 146 338; x_wconf 90' lang='grc' dir='ltr'><em>τὸ</em></span> <span class='ocrx_word' id='word_1_4' title='bbox 169 279 202 337; x_wconf 86' lang='lat' dir='ltr'><em>A</em></span> <span class='ocrx_word' id='word_1_5' title='bbox 208 275 241 336; x_wconf 92' lang='lat' dir='ltr'><em>F</em></span> <span class='ocrx_word' id='word_1_6' title='bbox 259 280 320 336; x_wconf 86' lang='grc' dir='ltr'><em>τοῦ</em></span> <span class='ocrx_word' id='word_1_7' title='bbox 342 271 446 336; x_wconf 86' lang='grc' dir='ltr'><em>αὐτοῦ</em></span> <span class='ocrx_word' id='word_1_8' title='bbox 465 279 526 335; x_wconf 85' lang='grc' dir='ltr'><em>τοῦ</em></span> <span class='ocrx_word' id='word_1_9' title='bbox 550 274 610 336; x_wconf 90' lang='grc' dir='ltr'><em>ΓΒ</em></span> <span class='ocrx_word' id='word_1_10' title='bbox 635 270 772 336; x_wconf 78' lang='grc' dir='ltr'><em>δοθέντι</em></span> <span class='ocrx_word' id='word_1_11' title='bbox 795 274 905 355; x_wconf 80' lang='grc' dir='ltr'><em>μεῖζόν</em></span> <span class='ocrx_word' id='word_1_12' title='bbox 929 271 1021 337; x_wconf 83' lang='grc' dir='ltr'><em>ἐστιν</em></span> <span class='ocrx_word' id='word_1_13' title='bbox 1044 272 1064 356; x_wconf 79' lang='grc' dir='ltr'>ἢ</span> <span class='ocrx_word' id='word_1_14' title='bbox 1090 273 1129 338; x_wconf 86' lang='grc' dir='ltr'><em>έν</em></span> 
     </span>
     <span class='ocr_line' id='line_1_3' title="bbox 105 381 321 465; baseline -0.009 -21"><span class='ocrx_word' id='word_1_15' title='bbox 105 381 205 465; x_wconf 78' lang='grc' dir='ltr'><em>λόγῳ.</em></span> <span class='ocrx_word' id='word_1_16' title='bbox 319 437 321 442; x_wconf 90' lang='grc'><em>.</em></span> 
     </span>
     <span class='ocr_line' id='line_1_4' title="bbox 179 482 1128 570; baseline 0.001 -21"><span class='ocrx_word' id='word_1_17' title='bbox 179 483 248 549; x_wconf 81' lang='grc' dir='ltr'><strong><em>ἐπεὶ</em></strong></span> <span class='ocrx_word' id='word_1_18' title='bbox 272 485 335 570; x_wconf 77' lang='grc' dir='ltr'><em>γὰρ</em></span> <span class='ocrx_word' id='word_1_19' title='bbox 364 486 400 548; x_wconf 89' lang='grc' dir='ltr'><em>τὸ</em></span> <span class='ocrx_word' id='word_1_20' title='bbox 424 488 490 548; x_wconf 90' lang='grc' dir='ltr'><strong><em>ΑΒ</em></strong></span> <span class='ocrx_word' id='word_1_21' title='bbox 518 491 578 547; x_wconf 89' lang='grc' dir='ltr'><em>τοῦ</em></span> <span class='ocrx_word' id='word_1_22' title='bbox 602 487 670 548; x_wconf 88' lang='grc' dir='ltr'><em>ΒΓ</em></span> <span class='ocrx_word' id='word_1_23' title='bbox 693 482 829 548; x_wconf 88' lang='grc' dir='ltr'><em>δοθέντι</em></span> <span class='ocrx_word' id='word_1_24' title='bbox 856 487 968 566; x_wconf 78' lang='grc' dir='ltr'><em>μεῖζόν</em></span> <span class='ocrx_word' id='word_1_25' title='bbox 991 483 1083 550; x_wconf 82' lang='grc' dir='ltr'><em>ἐστιν</em></span> <span class='ocrx_word' id='word_1_26' title='bbox 1107 485 1128 568; x_wconf 78' lang='grc' dir='ltr'>ἢ</span> 
     </span>
     <span class='ocr_line' id='line_1_5' title="bbox 113 586 1132 681; baseline 0 -25"><span class='ocrx_word' id='word_1_27' title='bbox 113 591 151 656; x_wconf 88' lang='grc' dir='ltr'><em>έν</em></span> <span class='ocrx_word' id='word_1_28' title='bbox 174 594 272 677; x_wconf 77' lang='grc' dir='ltr'><em>λόγῳ,</em></span> <span class='ocrx_word' id='word_1_29' title='bbox 296 589 484 674; x_wconf 77' lang='grc' dir='ltr'><em>ἀφῃρήσθω</em></span> <span class='ocrx_word' id='word_1_30' title='bbox 503 591 541 654; x_wconf 92' lang='grc' dir='ltr'><em>τὸ</em></span> <span class='ocrx_word' id='word_1_31' title='bbox 561 586 665 654; x_wconf 79' lang='grc' dir='ltr'><em>δοθὲν</em></span> <span class='ocrx_word' id='word_1_32' title='bbox 682 589 824 681; x_wconf 81' lang='grc' dir='ltr'><em>μέγεθος</em></span> <span class='ocrx_word' id='word_1_33' title='bbox 842 590 879 654; x_wconf 87' lang='grc' dir='ltr'><em>τὸ</em></span> <span class='ocrx_word' id='word_1_34' title='bbox 898 595 982 654; x_wconf 88' lang='lat' dir='ltr'><em>AA·</em></span> <span class='ocrx_word' id='word_1_35' title='bbox 1006 596 1132 656; x_wconf 77' lang='grc' dir='ltr'><em>λοιποῦ</em></span> 
     </span>
     <span class='ocr_line' id='line_1_6' title="bbox 72 693 1128 782; baseline 0.001 -21"><span class='ocrx_word' id='word_1_36' title='bbox 72 713 90 760; x_wconf 76' lang='lat'>5</span> <span class='ocrx_word' id='word_1_37' title='bbox 109 698 173 782; x_wconf 76' lang='grc' dir='ltr'><em>ἄρα</em></span> <span class='ocrx_word' id='word_1_38' title='bbox 197 706 256 761; x_wconf 88' lang='grc' dir='ltr'><em>τοῦ</em></span> <span class='ocrx_word' id='word_1_39' title='bbox 275 699 341 760; x_wconf 91' lang='lat' dir='ltr'><em>AB</em></span> <span class='ocrx_word' id='word_1_40' title='bbox 365 696 448 780; x_wconf 81' lang='grc' dir='ltr'><em>πρὸς</em></span> <span class='ocrx_word' id='word_1_41' title='bbox 471 697 508 759; x_wconf 91' lang='grc' dir='ltr'><em>τὸ</em></span> <span class='ocrx_word' id='word_1_42' title='bbox 527 698 595 759; x_wconf 89' lang='grc' dir='ltr'><em>ΒΓ</em></span> <span class='ocrx_word' id='word_1_43' title='bbox 613 697 712 777; x_wconf 83' lang='grc' dir='ltr'><em>λόγος</em></span> <span class='ocrx_word' id='word_1_44' title='bbox 730 693 799 759; x_wconf 80' lang='grc' dir='ltr'><em>ἐστὶ</em></span> <span class='ocrx_word' id='word_1_45' title='bbox 818 697 946 771; x_wconf 84' lang='grc' dir='ltr'><em>δοθεές·</em></span> <span class='ocrx_word' id='word_1_46' title='bbox 970 695 1026 761; x_wconf 79' lang='grc' dir='ltr'><em>καὶ</em></span> <span class='ocrx_word' id='word_1_47' title='bbox 1045 714 1128 762; x_wconf 91' lang='grc' dir='ltr'><em>σνν-</em></span> 
     </span>
     <span class='ocr_line' id='line_1_7' title="bbox 109 799 1132 886; baseline -0.001 -18"><span class='ocrx_word' id='word_1_48' title='bbox 109 802 207 868; x_wconf 88' lang='grc' dir='ltr'><em>θέντι</em></span> <span class='ocrx_word' id='word_1_49' title='bbox 235 812 296 866; x_wconf 86' lang='grc' dir='ltr'><em>τοῦ</em></span> <span class='ocrx_word' id='word_1_50' title='bbox 318 805 390 866; x_wconf 99' lang='lat' dir='ltr'><em>AF</em></span> <span class='ocrx_word' id='word_1_51' title='bbox 411 802 495 886; x_wconf 77' lang='grc' dir='ltr'><em>πρὸς</em></span> <span class='ocrx_word' id='word_1_52' title='bbox 521 803 558 865; x_wconf 92' lang='grc' dir='ltr'><em>τὸ</em></span> <span class='ocrx_word' id='word_1_53' title='bbox 586 804 655 866; x_wconf 90' lang='grc' dir='ltr'><em>ΒΓ</em></span> <span class='ocrx_word' id='word_1_54' title='bbox 677 803 775 882; x_wconf 80' lang='grc' dir='ltr'><em>λόγος</em></span> <span class='ocrx_word' id='word_1_55' title='bbox 804 799 873 865; x_wconf 84' lang='grc' dir='ltr'><em>ἐστὶ</em></span> <span class='ocrx_word' id='word_1_56' title='bbox 900 802 1024 879; x_wconf 83' lang='grc' dir='ltr'><em>δοθείς.</em></span> <span class='ocrx_word' id='word_1_57' title='bbox 1070 807 1132 867; x_wconf 85' lang='grc' dir='ltr'><em>καί</em></span> 
     </span>
     <span class='ocr_line' id='line_1_8' title="bbox 107 904 1128 992; baseline 0 -19"><span class='ocrx_word' id='word_1_58' title='bbox 107 908 177 974; x_wconf 80' lang='grc' dir='ltr'><em>ἐστι</em></span> <span class='ocrx_word' id='word_1_59' title='bbox 201 904 306 972; x_wconf 75' lang='grc' dir='ltr'><em>δοθέν</em></span> <span class='ocrx_word' id='word_1_60' title='bbox 328 909 366 972; x_wconf 86' lang='grc' dir='ltr'><em>τὸ</em></span> <span class='ocrx_word' id='word_1_61' title='bbox 389 913 472 971; x_wconf 88' lang='lat' dir='ltr'><em>AA·</em></span> <span class='ocrx_word' id='word_1_62' title='bbox 495 908 532 972; x_wconf 90' lang='grc' dir='ltr'><em>τὸ</em></span> <span class='ocrx_word' id='word_1_63' title='bbox 557 910 618 971; x_wconf 90' lang='grc' dir='ltr'><strong><em>ΓΑ</em></strong></span> <span class='ocrx_word' id='word_1_64' title='bbox 641 909 706 991; x_wconf 76' lang='grc' dir='ltr'><em>ἄρα</em></span> <span class='ocrx_word' id='word_1_65' title='bbox 729 915 789 970; x_wconf 89' lang='grc' dir='ltr'><em>τοῦ</em></span> <span class='ocrx_word' id='word_1_66' title='bbox 809 910 870 971; x_wconf 90' lang='grc' dir='ltr'><em>ΓΒ</em></span> <span class='ocrx_word' id='word_1_67' title='bbox 894 906 1033 971; x_wconf 88' lang='grc' dir='ltr'><em>δοθέντι</em></span> <span class='ocrx_word' id='word_1_68' title='bbox 1056 919 1128 992; x_wconf 80' lang='grc' dir='ltr'><em>μεῐ·</em></span> 
     </span>
     <span class='ocr_line' id='line_1_9' title="bbox 108 1012 502 1100; baseline -0.008 -21"><span class='ocrx_word' id='word_1_69' title='bbox 108 1017 164 1092; x_wconf 83' lang='grc' dir='ltr'><em>ζόν</em></span> <span class='ocrx_word' id='word_1_70' title='bbox 188 1013 278 1078; x_wconf 83' lang='grc' dir='ltr'><em>ἐστιν</em></span> <span class='ocrx_word' id='word_1_71' title='bbox 301 1013 321 1095; x_wconf 75' lang='grc' dir='ltr'>ἢ</span> <span class='ocrx_word' id='word_1_72' title='bbox 346 1012 382 1078; x_wconf 84' lang='grc' dir='ltr'><em>έν</em></span> <span class='ocrx_word' id='word_1_73' title='bbox 405 1015 502 1100; x_wconf 81' lang='grc' dir='ltr'><em>λόγςο.</em></span> 
     </span>
     <span class='ocr_line' id='line_1_10' title="bbox 177 1117 1128 1204; baseline 0.002 -21"><span class='ocrx_word' id='word_1_74' title='bbox 177 1120 279 1183; x_wconf 81' lang='grc' dir='ltr'><em>πόλιν</em></span> <span class='ocrx_word' id='word_1_75' title='bbox 302 1119 343 1201; x_wconf 81' lang='grc' dir='ltr'><em>δὴ</em></span> <span class='ocrx_word' id='word_1_76' title='bbox 367 1120 404 1182; x_wconf 90' lang='grc' dir='ltr'><em>τὸ</em></span> <span class='ocrx_word' id='word_1_77' title='bbox 428 1121 499 1183; x_wconf 90' lang='grc' dir='ltr'><strong><em>ΑΓ</em></strong></span> <span class='ocrx_word' id='word_1_78' title='bbox 520 1127 580 1182; x_wconf 87' lang='grc' dir='ltr'><em>τοῦ</em></span> <span class='ocrx_word' id='word_1_79' title='bbox 605 1120 666 1181; x_wconf 90' lang='grc' dir='ltr'><em>ΓΒ</em></span> <span class='ocrx_word' id='word_1_80' title='bbox 694 1117 830 1183; x_wconf 87' lang='grc' dir='ltr'><em>δοθέντι</em></span> <span class='ocrx_word' id='word_1_81' title='bbox 858 1122 969 1201; x_wconf 81' lang='grc' dir='ltr'><em>μεῖζον</em></span> <span class='ocrx_word' id='word_1_82' title='bbox 996 1122 1080 1185; x_wconf 86' lang='grc' dir='ltr'><em>έστω</em></span> <span class='ocrx_word' id='word_1_83' title='bbox 1106 1120 1128 1204; x_wconf 74' lang='grc' dir='ltr'><strong><em>ἢ</em></strong></span> 
     </span>
     <span class='ocr_line' id='line_1_11' title="bbox 56 1222 1131 1310; baseline 0.003 -23"><span class='ocrx_word' id='word_1_84' title='bbox 56 1241 90 1288; x_wconf 91' lang='lat'><em>10</em></span> <span class='ocrx_word' id='word_1_85' title='bbox 110 1224 147 1289; x_wconf 89' lang='grc' dir='ltr'><em>έν</em></span> <span class='ocrx_word' id='word_1_86' title='bbox 170 1227 271 1310; x_wconf 80' lang='grc' dir='ltr'><em>λόγῳ·</em></span> <span class='ocrx_word' id='word_1_87' title='bbox 300 1222 399 1306; x_wconf 84' lang='grc' dir='ltr'><em>λέγω,</em></span> <span class='ocrx_word' id='word_1_88' title='bbox 428 1223 478 1287; x_wconf 84' lang='grc' dir='ltr'><em>ὅτι</em></span> <span class='ocrx_word' id='word_1_89' title='bbox 501 1225 538 1287; x_wconf 89' lang='grc' dir='ltr'><em>τὸ</em></span> <span class='ocrx_word' id='word_1_90' title='bbox 562 1224 680 1287; x_wconf 85' lang='grc' dir='ltr'><em>λοιπὸν</em></span> <span class='ocrx_word' id='word_1_91' title='bbox 703 1225 739 1288; x_wconf 87' lang='grc' dir='ltr'><em>τὸ</em></span> <span class='ocrx_word' id='word_1_92' title='bbox 764 1229 828 1287; x_wconf 94' lang='grc' dir='ltr'><strong><em>ΑΒ</em></strong></span> <span class='ocrx_word' id='word_1_93' title='bbox 852 1233 912 1288; x_wconf 87' lang='grc' dir='ltr'><em>τοῦ</em></span> <span class='ocrx_word' id='word_1_94' title='bbox 935 1225 1041 1290; x_wconf 87' lang='grc' dir='ltr'><em>αὐτοῦ</em></span> <span class='ocrx_word' id='word_1_95' title='bbox 1064 1235 1131 1290; x_wconf 86' lang='grc' dir='ltr'><em>τοῦ</em></span> 
     </span>
     <span class='ocr_line' id='line_1_12' title="bbox 109 1328 1130 1418; baseline 0.002 -24"><span class='ocrx_word' id='word_1_96' title='bbox 109 1333 179 1394; x_wconf 89' lang='grc' dir='ltr'><em>ΒΓ</em></span> <span class='ocrx_word' id='word_1_97' title='bbox 202 1330 274 1411; x_wconf 76' lang='grc' dir='ltr'><em>ἤτοι</em></span> <span class='ocrx_word' id='word_1_98' title='bbox 302 1328 438 1394; x_wconf 90' lang='grc' dir='ltr'><em>δοθέντι</em></span> <span class='ocrx_word' id='word_1_99' title='bbox 466 1332 576 1412; x_wconf 78' lang='grc' dir='ltr'><em>μεῖζον</em></span> <span class='ocrx_word' id='word_1_100' title='bbox 599 1331 689 1393; x_wconf 80' lang='grc' dir='ltr'><em>ἔσται</em></span> <span class='ocrx_word' id='word_1_101' title='bbox 717 1328 737 1411; x_wconf 74' lang='grc' dir='ltr'><em>λ]</em></span> <span class='ocrx_word' id='word_1_102' title='bbox 761 1328 797 1394; x_wconf 85' lang='grc' dir='ltr'><em>έν</em></span> <span class='ocrx_word' id='word_1_103' title='bbox 820 1332 922 1418; x_wconf 76' lang='grc' dir='ltr'><em>λόγῳ,</em></span> <span class='ocrx_word' id='word_1_104' title='bbox 950 1329 971 1413; x_wconf 76' lang='grc' dir='ltr'><em>λ]</em></span> <span class='ocrx_word' id='word_1_105' title='bbox 994 1333 1032 1395; x_wconf 90' lang='grc' dir='ltr'><em>τὸ</em></span> <span class='ocrx_word' id='word_1_106' title='bbox 1057 1336 1130 1395; x_wconf 89' lang='grc' dir='ltr'><strong><em>ΑΒ</em></strong></span> 
     </span>
     <span class='ocr_line' id='line_1_13' title="bbox 106 1433 1132 1521; baseline 0.003 -22"><span class='ocrx_word' id='word_1_107' title='bbox 106 1437 188 1518; x_wconf 83' lang='grc' dir='ltr'><em>μετὰ</em></span> <span class='ocrx_word' id='word_1_108' title='bbox 216 1444 275 1499; x_wconf 88' lang='grc' dir='ltr'><em>τοῦ</em></span> <span class='ocrx_word' id='word_1_109' title='bbox 304 1433 390 1518; x_wconf 80' lang='grc' dir='ltr'><em>ἑξῆς,</em></span> <span class='ocrx_word' id='word_1_110' title='bbox 423 1436 506 1521; x_wconf 80' lang='grc' dir='ltr'><em>πρὸς</em></span> <span class='ocrx_word' id='word_1_111' title='bbox 533 1434 551 1499; x_wconf 88' lang='grc' dir='ltr'><strong>ὃ</strong></span> <span class='ocrx_word' id='word_1_112' title='bbox 579 1436 616 1499; x_wconf 85' lang='grc' dir='ltr'><em>τὸ</em></span> <span class='ocrx_word' id='word_1_113' title='bbox 644 1438 712 1499; x_wconf 94' lang='grc' dir='ltr'><em>ΒΓ</em></span> <span class='ocrx_word' id='word_1_114' title='bbox 740 1437 841 1517; x_wconf 94' lang='grc' dir='ltr'><em>λόγον</em></span> <span class='ocrx_word' id='word_1_115' title='bbox 874 1439 940 1520; x_wconf 81' lang='grc' dir='ltr'><em>ἔχει</em></span> <span class='ocrx_word' id='word_1_116' title='bbox 968 1435 1132 1521; x_wconf 80' lang='grc' dir='ltr'><em>δοθέντα,</em></span> 
     </span>
     <span class='ocr_line' id='line_1_14' title="bbox 105 1540 333 1606; baseline 0.009 -2"><span class='ocrx_word' id='word_1_117' title='bbox 105 1540 210 1606; x_wconf 86' lang='grc' dir='ltr'><em>δοθέν</em></span> <span class='ocrx_word' id='word_1_118' title='bbox 234 1541 333 1606; x_wconf 80' lang='grc' dir='ltr'><em>ἐστιν.</em></span> 
     </span>
     <span class='ocr_line' id='line_1_15' title="bbox 176 1646 1132 1734; baseline 0.002 -22"><span class='ocrx_word' id='word_1_119' title='bbox 176 1646 244 1712; x_wconf 81' lang='grc' dir='ltr'><em>ἐπεὶ</em></span> <span class='ocrx_word' id='word_1_120' title='bbox 274 1650 337 1734; x_wconf 79' lang='grc' dir='ltr'><em>γὰρ</em></span> <span class='ocrx_word' id='word_1_121' title='bbox 366 1649 403 1712; x_wconf 86' lang='grc' dir='ltr'><em>τὸ</em></span> <span class='ocrx_word' id='word_1_122' title='bbox 428 1651 499 1712; x_wconf 91' lang='grc' dir='ltr'><strong><em>ΑΓ</em></strong></span> <span class='ocrx_word' id='word_1_123' title='bbox 521 1656 581 1712; x_wconf 88' lang='grc' dir='ltr'><em>τοῦ</em></span> <span class='ocrx_word' id='word_1_124' title='bbox 605 1651 667 1712; x_wconf 96' lang='grc' dir='ltr'><em>ΓΒ</em></span> <span class='ocrx_word' id='word_1_125' title='bbox 695 1646 832 1713; x_wconf 92' lang='grc' dir='ltr'><em>δοθέντι</em></span> <span class='ocrx_word' id='word_1_126' title='bbox 855 1651 964 1732; x_wconf 80' lang='grc' dir='ltr'><em>μεῖζόν</em></span> <span class='ocrx_word' id='word_1_127' title='bbox 989 1647 1081 1714; x_wconf 84' lang='grc' dir='ltr'><em>ἐστιν</em></span> <span class='ocrx_word' id='word_1_128' title='bbox 1105 1649 1132 1732; x_wconf 74' lang='grc' dir='ltr'>ἢ</span> 
     </span>
     <span class='ocr_line' id='line_1_16' title="bbox 54 1750 1132 1840; baseline 0.006 -25"><span class='ocrx_word' id='word_1_129' title='bbox 54 1768 89 1816; x_wconf 83' lang='lat'><em>15</em></span> <span class='ocrx_word' id='word_1_130' title='bbox 109 1754 145 1820; x_wconf 84' lang='grc' dir='ltr'><em>ἐν</em></span> <span class='ocrx_word' id='word_1_131' title='bbox 168 1757 272 1840; x_wconf 79' lang='grc' dir='ltr'><em>λόγῳ,</em></span> <span class='ocrx_word' id='word_1_132' title='bbox 295 1753 483 1840; x_wconf 75' lang='grc' dir='ltr'><em>ἀφῃρήσθω</em></span> <span class='ocrx_word' id='word_1_133' title='bbox 507 1755 543 1818; x_wconf 89' lang='grc' dir='ltr'><em>τὸ</em></span> <span class='ocrx_word' id='word_1_134' title='bbox 568 1750 672 1818; x_wconf 69' lang='grc' dir='ltr'><em>δοθὲν</em></span> <span class='ocrx_word' id='word_1_135' title='bbox 695 1752 845 1837; x_wconf 83' lang='grc' dir='ltr'><em>μέγεθος.</em></span> <span class='ocrx_word' id='word_1_136' title='bbox 891 1755 928 1820; x_wconf 90' lang='grc' dir='ltr'><em>τὸ</em></span> <span class='ocrx_word' id='word_1_137' title='bbox 952 1750 1132 1838; x_wconf 8' lang='grc' dir='ltr'><em>δὴέδοθέν</em></span> 
     </span>
     <span class='ocr_line' id='line_1_17' title="bbox 109 1859 1131 1947; baseline 0.002 -23"><span class='ocrx_word' id='word_1_138' title='bbox 109 1863 182 1943; x_wconf 73' lang='grc' dir='ltr'><em>ἤτοι</em></span> <span class='ocrx_word' id='word_1_139' title='bbox 207 1863 347 1925; x_wconf 80' lang='grc' dir='ltr'><em>ἔλασσόν</em></span> <span class='ocrx_word' id='word_1_140' title='bbox 370 1859 439 1924; x_wconf 87' lang='grc' dir='ltr'><em>έστι</em></span> <span class='ocrx_word' id='word_1_141' title='bbox 464 1869 524 1924; x_wconf 86' lang='grc' dir='ltr'><em>τοῦ</em></span> <span class='ocrx_word' id='word_1_142' title='bbox 547 1864 612 1922; x_wconf 94' lang='grc' dir='ltr'><strong><em>ΑΒ</em></strong></span> <span class='ocrx_word' id='word_1_143' title='bbox 640 1859 802 1942; x_wconf 73' lang='grc' dir='ltr'><em>ἢμεῑζον.</em></span> <span class='ocrx_word' id='word_1_144' title='bbox 848 1862 931 1925; x_wconf 78' lang='grc' dir='ltr'><em>ἔστω</em></span> <span class='ocrx_word' id='word_1_145' title='bbox 958 1864 1131 1947; x_wconf 79' lang='grc' dir='ltr'><em>πρότερον</em></span> 
     </span>
    </p>
   </div>
   <div class='ocr_carea' id='block_1_3' title="bbox 54 1964 1135 2472">
    <p class='ocr_par' dir='ltr' id='par_1_3' title="bbox 106 1964 1135 2260">
     <span class='ocr_line' id='line_1_18' title="bbox 107 1964 1130 2053; baseline 0.002 -23"><span class='ocrx_word' id='word_1_146' title='bbox 107 1969 258 2050; x_wconf 80' lang='grc' dir='ltr'><em>ἔλασσον,</em></span> <span class='ocrx_word' id='word_1_147' title='bbox 280 1964 336 2031; x_wconf 80' lang='grc' dir='ltr'><em>καὶ</em></span> <span class='ocrx_word' id='word_1_148' title='bbox 359 1969 441 2031; x_wconf 79' lang='grc' dir='ltr'><em>ἔσται</em></span> <span class='ocrx_word' id='word_1_149' title='bbox 466 1967 502 2030; x_wconf 93' lang='grc' dir='ltr'><em>τὸ</em></span> <span class='ocrx_word' id='word_1_150' title='bbox 526 1971 609 2030; x_wconf 86' lang='grc' dir='ltr'><em>ΛΔ·</em></span> <span class='ocrx_word' id='word_1_151' title='bbox 637 1970 756 2030; x_wconf 78' lang='grc' dir='ltr'><em>λοιποῦ</em></span> <span class='ocrx_word' id='word_1_152' title='bbox 779 1967 844 2051; x_wconf 75' lang='grc' dir='ltr'><em>ἄρα</em></span> <span class='ocrx_word' id='word_1_153' title='bbox 866 1974 926 2030; x_wconf 85' lang='grc' dir='ltr'><em>τοῦ</em></span> <span class='ocrx_word' id='word_1_154' title='bbox 949 1969 1020 2031; x_wconf 95' lang='lat' dir='ltr'><em>AF</em></span> <span class='ocrx_word' id='word_1_155' title='bbox 1039 1969 1130 2053; x_wconf 79' lang='grc' dir='ltr'><em>πρὸς</em></span> 
     </span>
     <span class='ocr_line' id='line_1_19' title="bbox 106 2054 1135 2158; baseline 0.002 -22"><span class='ocrx_word' id='word_1_156' title='bbox 106 2075 168 2136; x_wconf 92' lang='grc' dir='ltr'><em>ΓΒ</em></span> <span class='ocrx_word' id='word_1_157' title='bbox 192 2054 291 2154; x_wconf 81' lang='grc' dir='ltr'><em>λόγος</em></span> <span class='ocrx_word' id='word_1_158' title='bbox 310 2070 378 2136; x_wconf 82' lang='grc' dir='ltr'><em>ἐστὶ</em></span> <span class='ocrx_word' id='word_1_159' title='bbox 397 2073 524 2147; x_wconf 84' lang='grc' dir='ltr'><em>δοθείς·</em></span> <span class='ocrx_word' id='word_1_160' title='bbox 548 2072 692 2136; x_wconf 86' lang='grc' dir='ltr'><em>διελόντι</em></span> <span class='ocrx_word' id='word_1_161' title='bbox 711 2073 775 2156; x_wconf 76' lang='grc' dir='ltr'><em>ἄρα</em></span> <span class='ocrx_word' id='word_1_162' title='bbox 793 2080 853 2136; x_wconf 89' lang='grc' dir='ltr'><em>τοῦ</em></span> <span class='ocrx_word' id='word_1_163' title='bbox 867 2077 934 2136; x_wconf 88' lang='lat' dir='ltr'><em>AB</em></span> <span class='ocrx_word' id='word_1_164' title='bbox 956 2074 1041 2158; x_wconf 79' lang='grc' dir='ltr'><em>πρὸς</em></span> <span class='ocrx_word' id='word_1_165' title='bbox 1058 2077 1135 2138; x_wconf 87' lang='grc' dir='ltr'><em>ΒΓ</em></span> 
     </span>
     <span class='ocr_line' id='line_1_20' title="bbox 106 2173 1129 2260; baseline 0 -18"><span class='ocrx_word' id='word_1_166' title='bbox 106 2180 204 2260; x_wconf 80' lang='grc' dir='ltr'><em>λόγος</em></span> <span class='ocrx_word' id='word_1_167' title='bbox 232 2175 300 2242; x_wconf 79' lang='grc' dir='ltr'><em>ἐστὶ</em></span> <span class='ocrx_word' id='word_1_168' title='bbox 329 2179 452 2251; x_wconf 82' lang='grc' dir='ltr'><em>δοθείς.</em></span> <span class='ocrx_word' id='word_1_169' title='bbox 497 2179 556 2240; x_wconf 83' lang='grc' dir='ltr'><em>καί</em></span> <span class='ocrx_word' id='word_1_170' title='bbox 581 2175 650 2240; x_wconf 82' lang='grc' dir='ltr'><em>ἐστι</em></span> <span class='ocrx_word' id='word_1_171' title='bbox 677 2173 781 2241; x_wconf 71' lang='grc' dir='ltr'><em>δοθὲν</em></span> <span class='ocrx_word' id='word_1_172' title='bbox 808 2179 845 2241; x_wconf 91' lang='grc' dir='ltr'><em>τὸ</em></span> <span class='ocrx_word' id='word_1_173' title='bbox 872 2183 955 2242; x_wconf 86' lang='lat' dir='ltr'><em>AA·</em></span> <span class='ocrx_word' id='word_1_174' title='bbox 988 2179 1026 2241; x_wconf 91' lang='grc' dir='ltr'><em>τὸ</em></span> <span class='ocrx_word' id='word_1_175' title='bbox 1055 2183 1129 2243; x_wconf 90' lang='grc' dir='ltr'><strong><em>ΑΒ</em></strong></span> 
     </span>
    </p>

    <p class='ocr_par' dir='ltr' id='par_1_4' title="bbox 54 2280 1128 2472">
     <span class='ocr_line' id='line_1_21' title="bbox 54 2280 982 2371; baseline 0.005 -27"><span class='ocrx_word' id='word_1_176' title='bbox 54 2297 90 2344; x_wconf 79' lang='lat'><em>20</em></span> <span class='ocrx_word' id='word_1_177' title='bbox 109 2285 174 2369; x_wconf 73' lang='grc' dir='ltr'><em>ἄρα</em></span> <span class='ocrx_word' id='word_1_178' title='bbox 197 2291 257 2346; x_wconf 87' lang='grc' dir='ltr'><em>τοῦ</em></span> <span class='ocrx_word' id='word_1_179' title='bbox 280 2286 348 2347; x_wconf 95' lang='grc' dir='ltr'><em>ΒΓ</em></span> <span class='ocrx_word' id='word_1_180' title='bbox 366 2280 503 2346; x_wconf 90' lang='grc' dir='ltr'><em>δοθέντι</em></span> <span class='ocrx_word' id='word_1_181' title='bbox 525 2284 635 2365; x_wconf 82' lang='grc' dir='ltr'><em>μεῖζόν</em></span> <span class='ocrx_word' id='word_1_182' title='bbox 659 2280 748 2346; x_wconf 90' lang='grc' dir='ltr'><em>έστιν</em></span> <span class='ocrx_word' id='word_1_183' title='bbox 771 2281 792 2364; x_wconf 73' lang='grc' dir='ltr'><strong><em>ἢ</em></strong></span> <span class='ocrx_word' id='word_1_184' title='bbox 816 2282 852 2348; x_wconf 82' lang='grc' dir='ltr'><em>ἐν</em></span> <span class='ocrx_word' id='word_1_185' title='bbox 875 2286 982 2371; x_wconf 71' lang='grc' dir='ltr'><em>λόγῳ.Ι</em></span> 
     </span>
     <span class='ocr_line' id='line_1_22' title="bbox 176 2383 1128 2472; baseline 0.005 -21"><span class='ocrx_word' id='word_1_186' title='bbox 176 2388 259 2452; x_wconf 80' lang='grc' dir='ltr'><em>ἀλλὰ</em></span> <span class='ocrx_word' id='word_1_187' title='bbox 278 2388 320 2470; x_wconf 80' lang='grc' dir='ltr'><em>δὴ</em></span> <span class='ocrx_word' id='word_1_188' title='bbox 339 2387 376 2451; x_wconf 91' lang='grc' dir='ltr'><em>τὸ</em></span> <span class='ocrx_word' id='word_1_189' title='bbox 396 2383 500 2452; x_wconf 73' lang='grc' dir='ltr'><em>δοθὲν</em></span> <span class='ocrx_word' id='word_1_190' title='bbox 518 2391 628 2471; x_wconf 76' lang='grc' dir='ltr'><em>μεῖζον</em></span> <span class='ocrx_word' id='word_1_191' title='bbox 647 2390 729 2453; x_wconf 81' lang='grc' dir='ltr'><em>ἔστω</em></span> <span class='ocrx_word' id='word_1_192' title='bbox 748 2397 810 2453; x_wconf 85' lang='grc' dir='ltr'><em>τοῦ</em></span> <span class='ocrx_word' id='word_1_193' title='bbox 828 2392 905 2472; x_wconf 84' lang='grc' dir='ltr'><strong><em>ΑΒ,</em></strong></span> <span class='ocrx_word' id='word_1_194' title='bbox 922 2387 978 2454; x_wconf 77' lang='grc' dir='ltr'><em>καὶ</em></span> <span class='ocrx_word' id='word_1_195' title='bbox 997 2392 1128 2456; x_wconf 74' lang='grc' dir='ltr'><em>κείσθω</em></span> 
     </span>
    </p>
   </div>
   <div class='ocr_carea' id='block_1_4' title="bbox 50 2493 1132 2898">
    <p class='ocr_par' dir='ltr' id='par_1_5' title="bbox 50 2493 1132 2898">
     <span class='ocr_line' id='line_1_23' title="bbox 108 2493 1125 2581; baseline 0.006 -25"><span class='ocrx_word' id='word_1_196' title='bbox 108 2493 198 2580; x_wconf 77' lang='grc' dir='ltr'><em>αὐτῷ</em></span> <span class='ocrx_word' id='word_1_197' title='bbox 228 2499 301 2563; x_wconf 85' lang='grc' dir='ltr'><em>ι”σον</em></span> <span class='ocrx_word' id='word_1_198' title='bbox 329 2494 366 2556; x_wconf 89' lang='grc' dir='ltr'><em>τὸ</em></span> <span class='ocrx_word' id='word_1_199' title='bbox 390 2497 472 2557; x_wconf 89' lang='grc' dir='ltr'><em>ΑΕ·</em></span> <span class='ocrx_word' id='word_1_200' title='bbox 505 2495 603 2574; x_wconf 87' lang='grc' dir='ltr'><em>λόγος</em></span> <span class='ocrx_word' id='word_1_201' title='bbox 630 2495 695 2578; x_wconf 76' lang='grc' dir='ltr'><em>ἄρα</em></span> <span class='ocrx_word' id='word_1_202' title='bbox 722 2498 841 2558; x_wconf 81' lang='grc' dir='ltr'><em>λοιποῦ</em></span> <span class='ocrx_word' id='word_1_203' title='bbox 863 2503 924 2559; x_wconf 84' lang='grc' dir='ltr'><em>τοῦ</em></span> <span class='ocrx_word' id='word_1_204' title='bbox 947 2498 1016 2560; x_wconf 90' lang='grc' dir='ltr'><strong><em>ΕΓ</em></strong></span> <span class='ocrx_word' id='word_1_205' title='bbox 1039 2499 1125 2581; x_wconf 80' lang='grc' dir='ltr'><em>πρὸς</em></span> 
     </span>
     <span class='ocr_line' id='line_1_24' title="bbox 105 2597 1129 2688; baseline 0.005 -25"><span class='ocrx_word' id='word_1_206' title='bbox 105 2599 144 2664; x_wconf 91' lang='grc' dir='ltr'><em>τὸ</em></span> <span class='ocrx_word' id='word_1_207' title='bbox 170 2602 232 2663; x_wconf 97' lang='grc' dir='ltr'><em>ΓΒ</em></span> <span class='ocrx_word' id='word_1_208' title='bbox 257 2597 324 2663; x_wconf 83' lang='grc' dir='ltr'><em>ἐστι</em></span> <span class='ocrx_word' id='word_1_209' title='bbox 349 2600 475 2675; x_wconf 81' lang='grc' dir='ltr'><em>δοθείς·</em></span> <span class='ocrx_word' id='word_1_210' title='bbox 499 2599 582 2663; x_wconf 82' lang='grc' dir='ltr'><em>ὥστε</em></span> <span class='ocrx_word' id='word_1_211' title='bbox 604 2597 660 2663; x_wconf 86' lang='grc' dir='ltr'><em>καὶ</em></span> <span class='ocrx_word' id='word_1_212' title='bbox 682 2599 848 2665; x_wconf 78' lang='grc' dir='ltr'><em>ἀνάπαλιν</em></span> <span class='ocrx_word' id='word_1_213' title='bbox 870 2609 930 2665; x_wconf 89' lang='grc' dir='ltr'><em>τοῦ</em></span> <span class='ocrx_word' id='word_1_214' title='bbox 953 2604 1023 2667; x_wconf 92' lang='grc' dir='ltr'><em>ΒΓ</em></span> <span class='ocrx_word' id='word_1_215' title='bbox 1040 2605 1129 2688; x_wconf 80' lang='grc' dir='ltr'><em>πρὸς</em></span> 
     </span>
     <span class='ocr_line' id='line_1_25' title="bbox 104 2703 1132 2791; baseline 0.004 -23"><span class='ocrx_word' id='word_1_216' title='bbox 104 2706 142 2769; x_wconf 87' lang='grc' dir='ltr'><em>τὸ</em></span> <span class='ocrx_word' id='word_1_217' title='bbox 162 2708 230 2770; x_wconf 87' lang='grc' dir='ltr'><strong><em>ΕΓ</em></strong></span> <span class='ocrx_word' id='word_1_218' title='bbox 248 2708 345 2787; x_wconf 93' lang='grc' dir='ltr'><em>λόγος</em></span> <span class='ocrx_word' id='word_1_219' title='bbox 365 2703 434 2769; x_wconf 81' lang='grc' dir='ltr'><em>ἐστὶ</em></span> <span class='ocrx_word' id='word_1_220' title='bbox 457 2706 583 2781; x_wconf 82' lang='grc' dir='ltr'><em>δοθείς·</em></span> <span class='ocrx_word' id='word_1_221' title='bbox 607 2703 662 2770; x_wconf 80' lang='grc' dir='ltr'><em>καὶ</em></span> <span class='ocrx_word' id='word_1_222' title='bbox 681 2704 925 2791; x_wconf 78' lang='grc' dir='ltr'><em>ἀναστρέψαντι</em></span> <span class='ocrx_word' id='word_1_223' title='bbox 943 2707 962 2772; x_wconf 87' lang='grc' dir='ltr'><em>δ</em></span> <span class='ocrx_word' id='word_1_224' title='bbox 981 2717 1042 2772; x_wconf 88' lang='grc' dir='ltr'><em>τοῦ</em></span> <span class='ocrx_word' id='word_1_225' title='bbox 1056 2712 1132 2773; x_wconf 92' lang='grc' dir='ltr'><em>ΒΓ</em></span> 
     </span>
     <span class='ocr_line' id='line_1_26' title="bbox 50 2807 1128 2898; baseline 0.008 -28"><span class='ocrx_word' id='word_1_226' title='bbox 50 2822 86 2870; x_wconf 80' lang='lat'><em>25</em></span> <span class='ocrx_word' id='word_1_227' title='bbox 104 2812 187 2894; x_wconf 77' lang='grc' dir='ltr'><em>πρὸς</em></span> <span class='ocrx_word' id='word_1_228' title='bbox 215 2815 282 2875; x_wconf 85' lang='grc' dir='ltr'><strong><em>ΒΕ</em></strong></span> <span class='ocrx_word' id='word_1_229' title='bbox 306 2813 404 2893; x_wconf 92' lang='grc' dir='ltr'><em>λόγος</em></span> <span class='ocrx_word' id='word_1_230' title='bbox 432 2807 502 2876; x_wconf 76' lang='grc' dir='ltr'><em>ἐστὶ</em></span> <span class='ocrx_word' id='word_1_231' title='bbox 518 2811 653 2888; x_wconf 67' lang='grc' dir='ltr'><em>οδοθείς.</em></span> <span class='ocrx_word' id='word_1_232' title='bbox 703 2814 762 2875; x_wconf 85' lang='grc' dir='ltr'><em>καί</em></span> <span class='ocrx_word' id='word_1_233' title='bbox 787 2811 855 2876; x_wconf 83' lang='grc' dir='ltr'><em>ἐστι</em></span> <span class='ocrx_word' id='word_1_234' title='bbox 883 2814 919 2877; x_wconf 91' lang='grc' dir='ltr'><em>τὸ</em></span> <span class='ocrx_word' id='word_1_235' title='bbox 947 2817 1010 2878; x_wconf 86' lang='grc' dir='ltr'><strong><em>ΕΒ</em></strong></span> <span class='ocrx_word' id='word_1_236' title='bbox 1040 2816 1128 2898; x_wconf 70' lang='grc' dir='ltr'><em>μετὰ</em></span> 
     </span>
    </p>
   </div>
   <div class='ocr_carea' id='block_1_5' title="bbox 101 2964 1128 3536">
    <p class='ocr_par' dir='ltr' id='par_1_6' title="bbox 101 2964 1128 3536">
     <span class='ocr_line' id='line_1_27' title="bbox 177 2964 1128 3042; baseline 0.005 -23"><span class='ocrx_word' id='word_1_237' title='bbox 177 2972 201 3019; x_wconf 83' lang='grc'><em>5.</em></span> <span class='ocrx_word' id='word_1_238' title='bbox 221 2966 289 3038; x_wconf 74' lang='grc' dir='ltr'><em>ἄρα]</em></span> <span class='ocrx_word' id='word_1_239' title='bbox 309 2983 362 3020; x_wconf 87' lang='lat' dir='ltr'><em>om.</em></span> <span class='ocrx_word' id='word_1_240' title='bbox 382 2983 407 3020; x_wconf 75' lang='lat' dir='ltr'><em>a.</em></span> <span class='ocrx_word' id='word_1_241' title='bbox 490 2964 654 3022; x_wconf 85' lang='grc' dir='ltr'><em>σνντεθέντι</em></span> <span class='ocrx_word' id='word_1_242' title='bbox 673 2983 697 3020; x_wconf 78' lang='lat' dir='ltr'><em>a.</em></span> <span class='ocrx_word' id='word_1_243' title='bbox 780 2975 804 3021; x_wconf 82' lang='lat'><em>6.</em></span> <span class='ocrx_word' id='word_1_244' title='bbox 829 2972 878 3022; x_wconf 89' lang='lat' dir='ltr'><em>FA</em></span> <span class='ocrx_word' id='word_1_245' title='bbox 897 2985 921 3023; x_wconf 78' lang='lat' dir='ltr'><em>a.</em></span> <span class='ocrx_word' id='word_1_246' title='bbox 1006 2974 1028 3022; x_wconf 76' lang='lat'><em>7.</em></span> <span class='ocrx_word' id='word_1_247' title='bbox 1051 2969 1128 3042; x_wconf 75' lang='grc' dir='ltr'><em>ἐστι]</em></span> 
     </span>
     <span class='ocr_line' id='line_1_28' title="bbox 106 3034 1123 3111; baseline 0.004 -20"><span class='ocrx_word' id='word_1_248' title='bbox 106 3037 172 3091; x_wconf 75' lang='grc' dir='ltr'><em>ἔσται</em></span> <span class='ocrx_word' id='word_1_249' title='bbox 193 3054 219 3092; x_wconf 83' lang='lat' dir='ltr'><em>a.</em></span> <span class='ocrx_word' id='word_1_250' title='bbox 282 3038 313 3092; x_wconf 90' lang='grc' dir='ltr'><em>τὸ</em></span> <span class='ocrx_word' id='word_1_251' title='bbox 333 3034 423 3092; x_wconf 77' lang='grc' dir='ltr'><em>δοθὲν</em></span> <span class='ocrx_word' id='word_1_252' title='bbox 442 3036 473 3091; x_wconf 90' lang='grc' dir='ltr'><em>τό</em></span> <span class='ocrx_word' id='word_1_253' title='bbox 491 3037 616 3093; x_wconf 73' lang='lat' dir='ltr'><strong>PVat.v.</strong></span> <span class='ocrx_word' id='word_1_254' title='bbox 679 3037 711 3092; x_wconf 90' lang='grc' dir='ltr'><em>τό</em></span> <span class='ocrx_word' id='word_1_255' title='bbox 722 3038 804 3109; x_wconf 74' lang='lat' dir='ltr'>(alt.)]</span> <span class='ocrx_word' id='word_1_256' title='bbox 824 3055 892 3093; x_wconf 86' lang='lat' dir='ltr'>corr.</span> <span class='ocrx_word' id='word_1_257' title='bbox 908 3056 942 3093; x_wconf 87' lang='lat' dir='ltr'><em>ex</em></span> <span class='ocrx_word' id='word_1_258' title='bbox 955 3044 993 3111; x_wconf 82' lang='grc' dir='ltr'><em>τῷ</em></span> <span class='ocrx_word' id='word_1_259' title='bbox 1008 3058 1045 3094; x_wconf 91' lang='lat' dir='ltr'><em>m.</em></span> <span class='ocrx_word' id='word_1_260' title='bbox 1062 3047 1077 3094; x_wconf 80' lang='lat'><strong>2</strong></span> <span class='ocrx_word' id='word_1_261' title='bbox 1093 3059 1123 3096; x_wconf 87' lang='lat' dir='ltr'><em>v.</em></span> 
     </span>
     <span class='ocr_line' id='line_1_29' title="bbox 142 3107 1121 3181; baseline 0.003 -18"><span class='ocrx_word' id='word_1_262' title='bbox 142 3109 204 3180; x_wconf 91' lang='grc' dir='ltr'><em>ΓΒ]</em></span> <span class='ocrx_word' id='word_1_263' title='bbox 231 3112 279 3162; x_wconf 85' lang='grc' dir='ltr'><em>ΓΔ</em></span> <span class='ocrx_word' id='word_1_264' title='bbox 298 3108 362 3162; x_wconf 75' lang='lat' dir='ltr'>Vat.</span> <span class='ocrx_word' id='word_1_265' title='bbox 450 3113 492 3162; x_wconf 88' lang='lat'><em>11.</em></span> <span class='ocrx_word' id='word_1_266' title='bbox 519 3107 606 3181; x_wconf 72' lang='grc' dir='ltr'><em>ἔσται]</em></span> <span class='ocrx_word' id='word_1_267' title='bbox 630 3108 704 3164; x_wconf 82' lang='grc' dir='ltr'><em>ἐστιν</em></span> <span class='ocrx_word' id='word_1_268' title='bbox 724 3126 748 3163; x_wconf 85' lang='lat' dir='ltr'><em>a.</em></span> <span class='ocrx_word' id='word_1_269' title='bbox 835 3111 896 3181; x_wconf 81' lang='grc' dir='ltr'><strong><em>ΑΒ]</em></strong></span> <span class='ocrx_word' id='word_1_270' title='bbox 920 3111 1026 3164; x_wconf 81' lang='lat' dir='ltr'>Badd.</span> <span class='ocrx_word' id='word_1_271' title='bbox 1046 3119 1121 3166; x_wconf 64' lang='grc' dir='ltr'><em>καθ</em></span> 
     </span>
     <span class='ocr_line' id='line_1_30' title="bbox 103 3170 1121 3252; baseline 0.006 -21"><span class='ocrx_word' id='word_1_272' title='bbox 103 3179 168 3232; x_wconf 79' lang='lat' dir='ltr'><strong>Vat.</strong></span> <span class='ocrx_word' id='word_1_273' title='bbox 244 3184 285 3232; x_wconf 77' lang='lat'><em>12.</em></span> <span class='ocrx_word' id='word_1_274' title='bbox 306 3177 375 3247; x_wconf 79' lang='grc' dir='ltr'><em>μετὰ</em></span> <span class='ocrx_word' id='word_1_275' title='bbox 392 3187 441 3233; x_wconf 79' lang='grc' dir='ltr'><em>τοῦ</em></span> <span class='ocrx_word' id='word_1_276' title='bbox 462 3178 535 3250; x_wconf 80' lang='grc' dir='ltr'><strong><em>ἑξῆς]</em></strong></span> <span class='ocrx_word' id='word_1_277' title='bbox 554 3170 621 3248; x_wconf 78' lang='grc' dir='ltr'><em>μεθ’</em></span> <span class='ocrx_word' id='word_1_278' title='bbox 639 3175 672 3234; x_wconf 79' lang='grc' dir='ltr'><em>οδ</em></span> <span class='ocrx_word' id='word_1_279' title='bbox 691 3196 716 3234; x_wconf 78' lang='lat' dir='ltr'><em>a.</em></span> <span class='ocrx_word' id='word_1_280' title='bbox 791 3185 832 3234; x_wconf 83' lang='lat'><em>13.</em></span> <span class='ocrx_word' id='word_1_281' title='bbox 856 3180 941 3252; x_wconf 84' lang='grc' dir='ltr'><em>ἐστιν]</em></span> <span class='ocrx_word' id='word_1_282' title='bbox 961 3181 1026 3235; x_wconf 79' lang='lat' dir='ltr'><strong>add.</strong></span> <span class='ocrx_word' id='word_1_283' title='bbox 1046 3200 1083 3236; x_wconf 89' lang='lat' dir='ltr'><em>m.</em></span> <span class='ocrx_word' id='word_1_284' title='bbox 1104 3189 1121 3237; x_wconf 82' lang='lat'>2</span> 
     </span>
     <span class='ocr_line' id='line_1_31' title="bbox 102 3249 1121 3323; baseline 0.004 -20"><span class='ocrx_word' id='word_1_285' title='bbox 102 3249 168 3303; x_wconf 78' lang='lat' dir='ltr'><strong>vat.</strong></span> <span class='ocrx_word' id='word_1_286' title='bbox 247 3255 289 3303; x_wconf 89' lang='lat'><em>14.</em></span> <span class='ocrx_word' id='word_1_287' title='bbox 310 3252 372 3321; x_wconf 90' lang='grc' dir='ltr'><em>ΓΒ]</em></span> <span class='ocrx_word' id='word_1_288' title='bbox 393 3254 448 3305; x_wconf 89' lang='grc' dir='ltr'><em>ΒΓ</em></span> <span class='ocrx_word' id='word_1_289' title='bbox 463 3267 488 3304; x_wconf 82' lang='lat' dir='ltr'><em>a.</em></span> <span class='ocrx_word' id='word_1_290' title='bbox 568 3257 609 3306; x_wconf 88' lang='lat'><em>16.</em></span> <span class='ocrx_word' id='word_1_291' title='bbox 630 3249 742 3305; x_wconf 76' lang='grc' dir='ltr'><em>ἔλαττόν</em></span> <span class='ocrx_word' id='word_1_292' title='bbox 761 3254 840 3320; x_wconf 84' lang='lat' dir='ltr'><strong>(corr.</strong></span> <span class='ocrx_word' id='word_1_293' title='bbox 851 3253 895 3306; x_wconf 80' lang='lat' dir='ltr'><em>‘ex</em></span> <span class='ocrx_word' id='word_1_294' title='bbox 914 3251 975 3308; x_wconf 79' lang='grc' dir='ltr'><em>ἴσον</em></span> <span class='ocrx_word' id='word_1_295' title='bbox 993 3270 1030 3307; x_wconf 90' lang='lat' dir='ltr'><em>m.</em></span> <span class='ocrx_word' id='word_1_296' title='bbox 1047 3257 1074 3323; x_wconf 83' lang='lat'><em>3)</em></span> <span class='ocrx_word' id='word_1_297' title='bbox 1092 3272 1121 3308; x_wconf 79' lang='lat' dir='ltr'><em>v,</em></span> 
     </span>
     <span class='ocr_line' id='line_1_32' title="bbox 140 3319 1120 3392; baseline 0.006 -20"><span class='ocrx_word' id='word_1_298' title='bbox 140 3325 181 3372; x_wconf 89' lang='lat'><em>18.</em></span> <span class='ocrx_word' id='word_1_299' title='bbox 201 3320 232 3374; x_wconf 85' lang='grc' dir='ltr'><em>τὸ</em></span> <span class='ocrx_word' id='word_1_300' title='bbox 253 3325 303 3374; x_wconf 91' lang='grc' dir='ltr'><em>ΓΒ</em></span> <span class='ocrx_word' id='word_1_301' title='bbox 322 3337 348 3374; x_wconf 82' lang='lat' dir='ltr'><em>a.</em></span> <span class='ocrx_word' id='word_1_302' title='bbox 427 3321 599 3375; x_wconf 78' lang='grc' dir='ltr'><em>διελόντι-</em></span> <span class='ocrx_word' id='word_1_303' title='bbox 619 3327 660 3375; x_wconf 86' lang='grc'><em>19.</em></span> <span class='ocrx_word' id='word_1_304' title='bbox 681 3319 790 3392; x_wconf 86' lang='grc' dir='ltr'><em>δοθελς]</em></span> <span class='ocrx_word' id='word_1_305' title='bbox 810 3322 866 3376; x_wconf 77' lang='grc' dir='ltr'><em>αδδ</em></span> <span class='ocrx_word' id='word_1_306' title='bbox 885 3340 921 3376; x_wconf 91' lang='lat' dir='ltr'><em>m.</em></span> <span class='ocrx_word' id='word_1_307' title='bbox 937 3329 952 3376; x_wconf 90' lang='lat'><strong>3</strong></span> <span class='ocrx_word' id='word_1_308' title='bbox 971 3341 997 3377; x_wconf 86' lang='lat' dir='ltr'><em>v.</em></span> <span class='ocrx_word' id='word_1_309' title='bbox 1076 3330 1120 3378; x_wconf 89' lang='lat'><em>18.</em></span> 
     </span>
     <span class='ocr_line' id='line_1_33' title="bbox 101 3389 1127 3464; baseline 0.003 -19"><span class='ocrx_word' id='word_1_310' title='bbox 101 3389 271 3445; x_wconf 85' lang='grc' dir='ltr'><em>διελόντι-</em></span> <span class='ocrx_word' id='word_1_311' title='bbox 289 3393 356 3463; x_wconf 90' lang='grc' dir='ltr'><strong><em>ΒΓ]</em></strong></span> <span class='ocrx_word' id='word_1_312' title='bbox 376 3392 425 3446; x_wconf 74' lang='grc' dir='ltr'><em>καὶ</em></span> <span class='ocrx_word' id='word_1_313' title='bbox 443 3401 492 3447; x_wconf 79' lang='grc' dir='ltr'><em>τοῦ</em></span> <span class='ocrx_word' id='word_1_314' title='bbox 507 3397 560 3447; x_wconf 91' lang='lat' dir='ltr'><em>AB</em></span> <span class='ocrx_word' id='word_1_315' title='bbox 579 3391 634 3459; x_wconf 75' lang='grc' dir='ltr'><em>ἄρα</em></span> <span class='ocrx_word' id='word_1_316' title='bbox 653 3392 724 3461; x_wconf 82' lang='grc' dir='ltr'><em>πρὸς</em></span> <span class='ocrx_word' id='word_1_317' title='bbox 737 3393 767 3446; x_wconf 89' lang='grc' dir='ltr'><em>τὸ</em></span> <span class='ocrx_word' id='word_1_318' title='bbox 784 3397 839 3446; x_wconf 90' lang='grc' dir='ltr'><em>ΒΓ</em></span> <span class='ocrx_word' id='word_1_319' title='bbox 853 3409 878 3447; x_wconf 80' lang='lat' dir='ltr'><em>a.</em></span> <span class='ocrx_word' id='word_1_320' title='bbox 937 3398 978 3447; x_wconf 84' lang='lat'><em>19.</em></span> <span class='ocrx_word' id='word_1_321' title='bbox 999 3393 1074 3450; x_wconf 78' lang='grc' dir='ltr'><em>ἐστιν</em></span> <span class='ocrx_word' id='word_1_322' title='bbox 1088 3413 1127 3464; x_wconf 74' lang='lat' dir='ltr'><em>v;</em></span> 
     </span>
     <span class='ocr_line' id='line_1_34' title="bbox 101 3460 1126 3536; baseline 0.008 -24"><span class='ocrx_word' id='word_1_323' title='bbox 101 3460 173 3513; x_wconf 75' lang='lat' dir='ltr'>item</span> <span class='ocrx_word' id='word_1_324' title='bbox 192 3461 241 3516; x_wconf 85' lang='lat' dir='ltr'><strong>lin.</strong></span> <span class='ocrx_word' id='word_1_325' title='bbox 261 3468 304 3532; x_wconf 76' lang='lat'><em>23,</em></span> <span class='ocrx_word' id='word_1_326' title='bbox 324 3468 366 3532; x_wconf 80' lang='lat'><em>24,</em></span> <span class='ocrx_word' id='word_1_327' title='bbox 386 3469 428 3517; x_wconf 76' lang='lat'><em>25.</em></span> <span class='ocrx_word' id='word_1_328' title='bbox 516 3469 558 3516; x_wconf 78' lang='lat'><em>21.</em></span> <span class='ocrx_word' id='word_1_329' title='bbox 578 3463 639 3533; x_wconf 81' lang='grc' dir='ltr'><strong><em>ΑΒ]</em></strong></span> <span class='ocrx_word' id='word_1_330' title='bbox 658 3467 717 3517; x_wconf 86' lang='grc' dir='ltr'><em>ΔΓ</em></span> <span class='ocrx_word' id='word_1_331' title='bbox 733 3480 759 3516; x_wconf 79' lang='lat' dir='ltr'><em>v,</em></span> <span class='ocrx_word' id='word_1_332' title='bbox 850 3470 892 3517; x_wconf 78' lang='lat'><em>22.</em></span> <span class='ocrx_word' id='word_1_333' title='bbox 912 3465 999 3536; x_wconf 74' lang='grc' dir='ltr'><em>αὐτῷ]</em></span> <span class='ocrx_word' id='word_1_334' title='bbox 1019 3482 1073 3519; x_wconf 90' lang='lat' dir='ltr'><em>om.</em></span> <span class='ocrx_word' id='word_1_335' title='bbox 1092 3482 1126 3520; x_wconf 59' lang='lat' dir='ltr'><em>a„</em></span> 
     </span>
    </p>
   </div>
   <div class='ocr_carea' id='block_1_6' title="bbox 0 0 1205 3840">
    <p class='ocr_par' dir='ltr' id='par_1_7' title="bbox 0 0 1205 3840">
     <span class='ocr_line' id='line_1_35' title="bbox 0 0 1205 3840; baseline 0 0"><span class='ocrx_word' id='word_1_336' title='bbox 0 0 1205 3840; x_wconf 95' lang='lat' dir='ltr'><em> </em></span> 
     </span>
    </p>
   </div>
  </div>
 </body>
</html>
