2400 3840
549 183 653 236 narr.
1044 182 1108 246 135

95 324 237 406 reliquus
258 330 320 399 [A
326 327 395 388 ΚΓ
409 325 502 388 datus
522 329 572 389 est
585 319 630 410 ‘[I‚
645 326 705 412 323,
718 350 832 412 propp.
847 325 906 412 Ill,
921 325 992 412 IV].
1025 350 1104 413 ergo

94 429 130 497 Δ
140 434 212 494 ΑΚ
217 434 248 495 Γ
257 431 351 495 datus
362 435 412 496 est
422 431 526 515 specie
538 431 728 516 [prop.XL].
744 456 842 517 quare
852 432 937 498 ratio
947 439 979 497 A
986 437 1018 497 Γ
1023 457 1030 496 :
1042 437 1108 497 ΓΚ

93 537 172 600 data
186 541 235 601 est
251 536 325 622 [def.
337 536 380 620 3}
410 559 524 601 uerum
534 537 623 602 ratio
638 544 670 602 A
676 541 709 603 Γ
718 562 725 602 :
736 544 767 603 Ε
773 543 799 602 Ζ
819 539 895 603 data
909 543 966 603 est.
995 539 1105 623 itaque

96 642 195 707 etiam
208 643 293 706 ratio
309 643 389 706 PK:
400 648 463 707 ΕΖ
482 645 558 708 data
572 649 622 709 est
637 645 740 729 [prop.
752 643 852 729 Vim.
876 667 990 709 uerum
1004 644 1103 710 etiam

93 749 178 813 ratio
213 753 272 814 ΓΒ
292 774 299 813 :
320 755 392 814 ZH
419 752 495 816 data
526 755 590 837 est,
627 756 659 816 et
691 757 741 816 est
773 754 911 827 LKFB
932 755 1104 816 =EZH.

95 877 193 938 quare
221 857 305 920 ratio
335 860 394 921 ΓΛ
408 880 415 920 :
431 861 494 922 ΖΘ
522 847 605 922 ἀπα
627 862 677 921 est
710 858 781 942 [per
807 858 949 942 priorem
977 864 1104 942 partem

93 960 190 1024 huius
208 961 322 1046 prop.].
361 967 410 1027 est
429 968 537 1027 autem
556 967 741 1028 FA=FA
765 962 884 1048 [1,35].
921 948 999 1050 ergo
1018 965 1102 1030 ratio

94 1069 155 1130 ΓΔ
170 1090 176 1129 :
194 1072 256 1132 ΖΘ
278 1070 354 1131 data
377 1072 435 1132 est.

540 1229 654 1293 LXXI.

161 1349 196 1414 Si
214 1351 248 1414 in
267 1353 392 1417 duobus
411 1352 583 1439 triangulis
601 1353 705 1418 latera
723 1355 859 1440 angulos
879 1359 936 1418 aut
951 1355 1101 1439 aequales

92 1461 150 1520 aut
172 1458 371 1545 inaequales,
400 1461 455 1524 sed
483 1461 590 1545 datos,
623 1461 927 1543 comprehendentia
953 1461 1039 1525 inter
1068 1484 1101 1525 se

91 1565 252 1630 rationem
274 1566 396 1630 habent
419 1566 543 1651 datam,
570 1565 670 1629 etiam
692 1565 756 1648 ipsi
778 1566 936 1652 trianguli
958 1566 1044 1631 inter
1067 1589 1101 1632 se

90 1671 252 1736 rationem
274 1673 397 1738 hahent
419 1674 538 1736 datam.

157 1801 234 1842 nam
269 1779 305 1843 in
340 1779 465 1844 duobus
502 1777 675 1863 triangulis
713 1781 825 1864 ΑΒΓ,
852 1783 885 1842 A
892 1782 962 1843 ΕΘ
998 1779 1101 1844 latera

89 1884 229 1969 angulos
254 1886 295 1949 ad
313 1892 354 1970 A,
369 1892 402 1949 A
330 1884 549 2102 Apositos
573 1889 630 1949 aut
653 1884 802 1968 aequales
827 1889 883 1949 aut
907 1885 1101 1972 inaequales

756 1991 812 2055 sed
857 1992 913 2054 dat
899 1995 966 2075 toa,
1016 2014 1101 2057 com-

755 2096 964 2181 prehendant
955 2120 987 2161 ra
1014 2097 1100 2163 inter

756 2226 790 2268 se
840 2203 1001 2269 rationem
1044 2205 1099 2270 ha-

676 2312 854 2436 &beant
893 2312 948 2375 dat
934 2316 1020 2397 tam,
1066 2317 1099 2377 et

676 2377 799 2481 &sir
831 2417 916 2482 ratio
946 2422 1025 2483 BA:
1036 2425 1099 2484 EA

756 2525 874 2589 datat
847 2549 859 2589 1
860 2529 989 2608 temque
1013 2527 1098 2590 ratio

756 2635 851 2695 AF:
870 2637 903 2696 A
915 2636 952 2696 Θ.
1016 2633 1098 2719 dico

783 2739 882 2802 etiam
910 2738 1069 2804 rationem

87 2844 123 2912 Δ
143 2849 269 2910 ABF:
288 2845 322 2912 Δ
337 2850 441 2910 ΕΛΘ
468 2846 523 2908 dat
509 2849 578 2908 tam
606 2867 683 2908 esse

155 2976 231 3017 nam
254 2951 477 3035 compleantur
499 2951 803 3036 parallelogramma
826 2954 906 3034 ΑΗ,
924 2956 958 3014 A
964 2955 999 3014 Z.

154 3059 220 3123 iam
240 3059 393 3143 quoniam
410 3046 446 3122 in
464 3059 590 3122 duobus
609 3056 920 3140 parallelogrammis
935 3061 1016 3142 AH,
1030 3062 1097 3121 AZ

87 3167 191 3231 latera
205 3166 340 3251 angulos
353 3170 410 3229 aut
420 3165 569 3249 aequales
585 3167 641 3227 aut
649 3161 844 3247 inaequales,
858 3163 914 3226 sed
924 3163 1027 3247 datoS,
1042 3163 1097 3247 qui

87 3274 129 3337 ad
152 3279 193 3357 A,
211 3279 244 3336 A
266 3272 366 3356 positi
390 3276 479 3357 sunt,
507 3266 813 3354 comprehendentia
834 3269 921 3332 inter
944 3291 977 3332 se
1000 3269 1098 3333 ratio·

86 3401 162 3443 nem
189 3379 311 3443 habent
340 3380 461 3463 datam,
493 3378 592 3442 etiam
619 3375 924 3461 parallelogramma
949 3375 1035 3440 inter
1063 3398 1097 3440 se

152 3537 191 3612 ,ln
209 3536 254 3605 fig.
275 3535 335 3589 cod.
354 3535 373 3588 b
393 3533 531 3604 trianguli
550 3536 615 3588 sunt
634 3531 810 3600 aequilateri.
