2400 3840
513 153 618 206 onan.
1030 155 1081 218 25

56 293 319 378 magnitudinem
337 298 404 359 AB
428 295 646 381 magnitudini
666 299 727 360 ΓΛ
746 298 912 380 aequalem
932 320 1002 364 esse
1022 304 1083 363 aut

58 399 199 464 alteram
222 400 298 465 data
320 400 543 485 magnitudine
567 402 724 466 maiorem
746 425 817 467 essa
836 404 945 469 altera.

129 527 207 570 nam
239 505 394 590 quoniam
424 505 502 571 data
534 512 583 571 est
615 511 753 592 utraque
785 510 976 595 magnitudo
1004 518 1037 576 A
1043 516 1081 594 Γ,

58 614 142 696 BA,
175 611 269 676 datae
297 611 538 698 magnitudines
567 618 624 677 aut
656 614 806 698 aequales
841 620 917 680 aunt
945 622 1002 681 aut
1029 618 1080 680 in·

56 763 80 811 A
200 762 221 812 B
442 760 469 813 Γ
578 767 604 814 A
649 721 807 803 aequales.

65 828 209 866 μ’*
451 830 594 867 1··“”····“
692 825 783 910 prius
817 827 884 892 sint
916 828 1079 912 aequales.

56 929 171 1013 itaque
193 935 227 993 A
233 931 317 993 Γπ
332 933 403 995 BA.
449 931 630 996 eommunis
662 932 828 997 auferatur
850 937 920 998 ΒΓ.
964 935 1079 1020 itaque

55 1035 185 1119 reliqua
201 1040 268 1100 AB
291 1037 434 1122 reliquae
455 1040 515 1101 ΓΔ
538 1036 682 1121 aequalis
706 1042 763 1102 est.

124 1141 192 1206 iam
218 1162 260 1206 na
288 1141 355 1206 sint
382 1143 546 1228 aequales,
578 1143 635 1207 sed
663 1143 708 1208 sit
729 1147 802 1209 AF
809 1156 844 1218 >
859 1149 939 1231 ΒΔ,
971 1151 1005 1211 et
1033 1147 1081 1211 sit

59 1250 181 1337 PB=
196 1250 272 1311 BA.
318 1247 374 1312 sed
401 1248 478 1312 data
504 1252 555 1313 est
583 1249 774 1334 magnitudo
800 1254 875 1315 BA.
921 1252 998 1317 data
1026 1257 1081 1317 est

58 1399 83 1446 A
124 1396 150 1447 Ε
196 1397 218 1446 B
522 1399 550 1448 P
577 1402 604 1450 A
645 1354 749 1440 igitur
761 1355 860 1420 etiam
871 1359 942 1421 ΓΕ.
961 1381 1077 1422 uerum

68 1463 592 1504 '‘ffb—“¹''
647 1461 746 1525 etiam
761 1466 833 1526 tota
842 1465 913 1526 ΑΓ
927 1464 1003 1528 data
1017 1468 1078 1528 est.

57 1569 93 1629 et
129 1564 254 1649 reliqua
286 1569 355 1629 AB
385 1566 462 1630 data
497 1570 548 1631 est
585 1566 691 1651 [prop.
719 1565 790 1650 IVJ.
851 1571 884 1631 et
921 1569 1076 1651 quoniam

58 1672 130 1736 ΕΓ
135 1701 177 1724 ==
188 1674 260 1754 BA,
275 1671 456 1736 communis
471 1670 716 1736 auferaturBI'.
749 1673 860 1756 itaqua
873 1672 999 1757 reliqua
1012 1677 1084 1737 ΒΕ

57 1776 203 1860 reliquae
224 1778 285 1841 ΓΔ
307 1776 451 1860 aequalis
475 1780 534 1842 ast.
571 1781 604 1841 et
628 1777 703 1841 data
721 1782 772 1843 eat
790 1777 981 1862 magnitudo
1000 1783 1078 1842 ΑΕ.

59 1903 139 1968 ergo
163 1882 354 1967 magnitudo
377 1887 443 1948 AB
471 1884 547 1948 data
569 1882 673 1947 maior
695 1888 745 1948 est
768 1883 991 1968 magnitudine
1016 1887 1081 1948 ΓΔ

59 1987 202 2073 [aaa.
522 2077 604 2142 xm

127 2197 163 2264 Si
185 2205 252 2266 tres
276 2201 518 2288 magnitudines
540 2202 727 2288 propositae
752 2208 829 2268 sunt
851 2207 884 2268 et
907 2202 1013 2286 prima
1036 2202 1078 2266 ad

10 2350 15 2357 -
60 2306 237 2371 secundam
254 2307 416 2372 rationem
434 2307 535 2373 habet
548 2309 658 2373 datam
676 2313 709 2373 et
724 2309 872 2395 secunda,
890 2312 1078 2393 comparata

60 2433 137 2478 oum
159 2411 271 2498 tertia,
298 2413 402 2478 maior
425 2416 476 2477 est
499 2434 596 2498 quam
618 2413 654 2477 in
677 2413 817 2499 ratione,
841 2413 939 2478 etiam
961 2413 1082 2499 prima,

57 2522 248 2602 comparata
267 2540 342 2583 oum
359 2519 467 2603 tertia,
485 2520 562 2582 data
580 2520 684 2583 maior
703 2520 765 2584 erit
780 2542 878 2605 quam
891 2521 927 2584 in
940 2519 1075 2584 ratione.

128 2623 194 2688 sint
216 2627 282 2688 tres
306 2624 547 2710 magnitudines
570 2630 647 2712 ΑΒ,
666 2629 736 2712 ΓΛ,
754 2631 792 2712 Ε,
816 2631 849 2691 et
867 2630 933 2690 AB
956 2626 996 2690 ad
1015 2629 1083 2690 ΓΔ·

56 2730 221 2796 rationem
238 2730 358 2795 habeat
372 2731 491 2817 datam,
510 2735 543 2796 et
558 2733 626 2817 FA,
646 2737 834 2817 comparata
849 2755 922 2797 cum
936 2735 976 2816 Ε,
998 2731 1077 2796 data

57 2836 166 2901 maior
189 2836 233 2902 sit
251 2859 349 2921 quam
367 2836 403 2900 in
420 2837 556 2901 ratione.
594 2837 677 2923 dieo,
699 2837 798 2902 etiam
817 2836 1077 2923 magnitudinem

56 2945 137 3026 AB,
160 2947 381 3027 comparatam
405 2965 479 3007 oum
497 2947 537 3028 Ε,
559 2942 635 3008 data
658 2943 814 3009 malorem
836 2964 1023 3027 essequam
1041 2943 1078 3006 in

55 3048 194 3113 ratione.

103 3238 106 3243 Ι
126 3175 203 3218 nam
226 3155 380 3239 quoniam
408 3154 599 3240 magnitudo
624 3156 699 3240 ΓΔ,
726 3158 914 3238 comparata
941 3174 1014 3218 oum
1038 3158 1084 3239 Ε,

57 3260 137 3324 data
155 3260 260 3326 maior
278 3265 329 3325 eat
348 3282 446 3345 quam
464 3258 500 3324 in
516 3259 653 3344 ratione,
676 3259 841 3323 auferatur
860 3258 936 3323 data
953 3260 1081 3346 magni--

96 3416 150 3489 aa]
171 3432 224 3472 om.
244 3434 270 3475 a.
343 3423 386 3472 24.
406 3415 520 3472 ἐπεί-
539 3422 582 3472 25.
601 3396 758 3490 ldyfflom.
778 3432 803 3470 a.
877 3421 920 3470 24.
940 3415 1026 3488 ἐστιν]
1046 3437 1082 3471 -ν

56 3487 125 3542 add.
143 3506 181 3542 m.
201 3493 217 3542 2
236 3506 262 3544 v.
