2400 3840
182 859 190 878 ‚
278 779 744 852 DEMONSTRATIONES
771 779 1006 854 ALTERAE.

628 977 654 1036 1.

504 1094 556 1158 Ad
577 1118 668 1181 prop.
691 1095 778 1160 XIX.

487 1235 633 1315 ’Ἀλλως
655 1240 697 1304 τὸ
721 1236 783 1304 ιδ’.

98 1369 114 1418 ὅ
200 1363 358 1427 Δυνατὸν
381 1359 420 1426 δέ
440 1361 509 1427 έστι
531 1361 587 1427 καὶ
609 1363 723 1440 οὕτως.
761 1367 842 1429 έστω
865 1367 940 1449 τρία
958 1361 1084 1447 μεγέθη
1105 1367 1146 1430 τὰ

133 1473 166 1532 Α
171 1472 210 1552 B,
230 1472 267 1552 Γ,
285 1474 328 1552 A,
350 1467 461 1535 καὶτὸ
480 1466 541 1554 μὲν
558 1475 625 1534 ΑΒ
645 1479 705 1535 τοῦ
726 1475 758 1535 Γ
775 1468 911 1535 δοθέντι
929 1473 1040 1554 ’μεῖζον
1059 1473 1144 1536 ἔστω

132 1573 153 1657 ἢ
176 1573 214 1639 ἐν
236 1578 333 1662 λόγῳ,
356 1576 392 1640 τὸ
417 1571 454 1640 δὲ
474 1579 507 1640 Γ
523 1584 583 1640 τοῦ
601 1582 635 1640 A
657 1574 793 1641 δοθέντι
816 1579 926 1661 μεῖζον
944 1575 965 1659 ἢ
985 1575 1020 1641 έν
1039 1580 1144 1665 λόγῳ·

133 1680 231 1765 λέγω,
259 1682 309 1747 ὅτι
336 1679 451 1747 καὶτὸ
474 1687 541 1747 ΑΒ
569 1692 628 1747 τοῦ
651 1690 685 1748 Δ
712 1681 848 1748 δοθέντι
874 1686 984 1768 μεῖζόν
1007 1682 1099 1749 ἐστιν
1123 1684 1144 1767 ἢ

134 1785 169 1852 έν
195 1790 290 1875 λόγῳ.
931 1871 936 1885 ⁸

82 1904 115 1954 10
201 1892 270 1958 ἐπεὶ
294 1895 356 1981 γὰρ
379 1897 416 1960 τὸ
439 1900 506 1960 ΑΒ
529 1905 590 1962 τοῦ
609 1900 643 1961 Γ
660 1895 795 1961 δοθέντι
818 1899 929 1981 μεῖζόν
952 1896 1041 1962 ἐστιν
1064 1896 1085 1980 ἣ
1105 1897 1143 1963 ἐν

132 2002 234 2087 λόγῳ,
267 2000 453 2089 ἀφῃρήσθω
481 2004 518 2069 τὸ
547 2000 650 2069 δοθὲν
676 2002 817 2088 μέγεθος
843 2004 880 2068 τὸ
904 2009 936 2068 Α
942 2009 986 2068 Ε·
1019 2009 1140 2068 λοιποῦ

131 2107 196 2192 ἄρα
218 2116 278 2172 τοῦ
301 2113 364 2173 ΕΒ
392 2111 474 2195 πρὸς
496 2112 533 2175 τὸ
558 2113 590 2174 Γ
612 2112 709 2191 λόγος
736 2107 805 2175 ἐστὶ
832 2110 959 2186 domes·
991 2111 1028 2175 τὸ
1053 2107 1089 2175 δὲ
1114 2115 1148 2176 Γ

131 2222 191 2278 τοῦ
214 2219 247 2277 A
275 2213 411 2280 δοθέντι
438 2218 548 2300 μεῖζόν
576 2214 666 2280 ἐστιν
693 2214 714 2298 ἢ
743 2215 779 2280 έν
802 2218 902 2302 λόγῳ·
934 2214 1050 2282 καὶτὸ
1073 2221 1140 2282 ΕΒ

132 2321 195 2405 ἄρα
214 2328 273 2384 τοῦ
287 2326 320 2384 A
339 2320 475 2386 δοθέντι
494 2324 603 2406 μεῖζόν
622 2320 713 2386 ἐστιν
731 2320 802 2404 ἣέν
816 2323 913 2409 λόγῳ.
950 2321 1139 2408 ἀφῃρήσθω

79 2435 112 2485 15
132 2420 194 2490 οὖν
220 2426 257 2490 τὸ
286 2423 389 2492 δοθὲν
415 2426 555 2512 μέγεθος
582 2429 618 2493 τὸ
646 2433 723 2492 ΕΖ·
755 2433 873 2493 λοιποῦ
901 2429 965 2514 ἄρα
991 2437 1052 2493 τοῦ
1076 2433 1140 2494 ΖΒ

130 2532 213 2617 πρὸς
235 2532 272 2596 τὸ
291 2538 324 2596 A
347 2536 445 2615 λόγος
467 2531 536 2599 ἐστὶ
560 2534 682 2610 δοθείς.
718 2537 776 2598 καί
793 2533 861 2599 έστι
881 2531 984 2599 δοθέν
1000 2536 1038 2599 τὸ
1058 2541 1091 2600 Α
1098 2541 1139 2601 Ζ·

130 2637 168 2702 τὸ
190 2642 257 2702 ΑΒ
281 2640 345 2724 ἄρα
367 2649 427 2704 τοῦ
450 2646 484 2704 A
506 2624 651 2706 δοθέντι·
665 2643 774 2726 μεῖζόν
798 2639 888 2706 ἐστιν
910 2639 930 2723 ἢ
954 2639 990 2705 έν
1013 2644 1111 2730 λόγῳ.

201 2908 224 2956 1.
245 2901 304 2958 Om.
324 2919 349 2958 a.

200 3159 224 3207 4.
245 3152 332 3216 ἄλλως
348 3152 380 3207 τδ
400 3154 457 3226 ιθ’]
476 3171 531 3224 mg.
551 3173 586 3208 m.
603 3160 617 3207 1
637 3153 710 3223 Vah,
729 3154 761 3209 τδ
780 3154 825 3209 ιθ’
842 3171 894 3208 om.
910 3170 935 3207 v,
1005 3156 1028 3206 ὅ.
1049 3153 1138 3207 δονα-

128 3223 177 3278 τόν
192 3257 225 3264 -
241 3222 338 3296 οὕτως]
358 3233 410 3280 om'.
421 3225 518 3280 Vatv.
583 3224 661 3298 έστω]
683 3225 755 3281 ἔστιν
773 3226 802 3280 P.
866 3230 888 3280 7.
909 3221 1001 3294 μεῖζόν
1016 3222 1091 3278 ἐστιν
1104 3224 1136 3279 Ρ.

165 3301 205 3349 13.
225 3293 274 3350 καί
288 3329 321 3336 -
338 3302 379 3350 14.
398 3297 481 3370 λόγῳ]
500 3314 555 3366 mg.
569 3315 605 3352 m.
621 3303 636 3351 2
651 3315 676 3352 v.
740 3304 780 3353 16.
801 3295 872 3370 ἐστί]
892 3293 965 3351 ἐστίν
983 3313 1009 3350 v.
1066 3297 1135 3368 ἐστι]

130 3363 203 3420 ἐστιν
220 3384 247 3436 v,
267 3368 323 3422 sed.
344 3384 449 3423 veras.
523 3373 563 3422 17.
584 3367 669 3440 ἐστιν]
689 3386 741 3424 om.
761 3368 835 3440 vat„
860 3387 947 3441 comp.
968 3371 1032 3425 add.
1052 3386 1089 3424 m.
1110 3376 1135 3424 2.
