2400 3840
423 177 462 226 m
479 176 651 229 nucnm1s
668 177 773 230 unns.
1040 176 1106 240 249

96 318 179 383 nale
195 319 251 402 sit,
283 341 320 384 ac
342 320 487 383 nondum
509 320 679 383 inuentum
701 319 860 384 rationale
884 342 962 385 esse.
1009 320 1109 385 ordi-

94 428 227 488 natum
251 430 356 490 autem
378 429 412 489 et
434 423 700 490 inordinatum
723 447 762 490 ex
780 425 821 489 iis
841 430 926 511 sunt,
950 448 1031 511 quae
1049 449 1108 511 per

95 552 129 594 se
148 534 181 595 et
198 536 317 595 natura
336 553 395 596 sua
412 530 656 617 intellegrmtur,
675 530 803 596 etiamsi
822 532 949 596 anobis
963 534 1107 598 nondum

94 630 171 701 sunt
198 635 341 701 inuenta.
395 637 500 701 multa
528 636 672 720 quidem,
704 659 786 721 quae
812 643 931 702 natura
958 640 1108 705 ordinata
1177 671 1179 676 ·

94 747 180 828 sunt,
202 764 306 826 neque
325 743 435 826 abiis,
460 743 516 828 qui
535 747 610 808 ante
628 743 771 830 fuerunt,
791 749 971 830 perspecta,
992 751 1108 830 postca

93 847 304 913 Archimedes
321 849 469 914 ordinata
483 871 553 914 esse
568 849 812 914 demonstrauit.
844 855 979 915 notum
998 856 1108 917 autem

94 959 127 1018 et
144 954 322 1040 ignotum
336 955 501 1048 dicuntur,
520 960 679 1040 quatenus
694 957 735 1020 ad
748 978 809 1021 nos
823 957 1015 1022 referuntur.
1047 958 1108 1022 ita-

95 1083 156 1146 que
181 1083 227 1146 ea,
251 1082 331 1145 quae
349 1061 518 1125 nominata
537 1065 623 1145 sunt,
646 1062 798 1126 differunt
820 1062 906 1126 inter
925 1085 969 1147 se,
992 1064 1020 1127 si
1040 1064 1108 1147 qui-

94 1167 168 1230 dem
182 1189 283 1231 unum
298 1168 339 1231 ad
354 1188 415 1232 nos
429 1167 576 1253 refertur,
592 1167 730 1232 alterum
744 1169 785 1234 ad
797 1174 959 1254 naturam,
972 1170 1107 1234 tertium

94 1272 135 1336 ad
158 1295 350 1338 mensuram.

162 1378 295 1444 definita
318 1383 427 1444 autem
450 1383 484 1444 et
506 1380 701 1465 cognatione
725 1385 758 1445 ct
781 1381 963 1446 differentia
986 1403 1108 1467 eorum,

95 1507 177 1569 quae
204 1485 374 1570 proposita
402 1490 491 1569 sunt,
524 1485 685 1572 sequitur,
715 1491 767 1573 ut,
799 1487 877 1572 quid
903 1487 1035 1551 tandem
1063 1487 1107 1551 sit

94 1592 238 1675 datum,
266 1591 416 1675 deinceps
441 1591 689 1657 consideremus.
736 1596 898 1678 quotquot
920 1591 1023 1677 igitur
1046 1593 1107 1656 da·

95 1701 174 1761 tum
202 1697 237 1761 id
269 1719 339 1762 esse
366 1702 499 1783 putant,
531 1697 617 1781 quod
641 1720 680 1762 ex
702 1698 877 1783 hypothesi
905 1698 1022 1781 abeo,
1050 1698 1107 1781 qui

94 1803 257 1887 proponit,
276 1804 381 1889 datur,
403 1804 510 1888 abeo,
532 1805 617 1889 quod
635 1803 812 1890 quaeritur,
834 1805 994 1869 aberrant.
1030 1825 1107 1868 nam

95 1909 205 1974 omnia
232 1910 410 1974 datorum
438 1909 598 1974 elementa
624 1932 691 1975 non
718 1911 757 1975 de
789 1910 891 1976 datis
920 1933 963 1975 ex
989 1910 1107 1994 hypo-

94 2016 198 2080 thesi
230 2016 413 2099 composita
446 2020 536 2101 sunt,
566 2020 605 2080 ut
635 2015 677 2080 iis
704 2016 782 2082 licet
810 2038 1018 2102 cognoscere,
1051 2016 1107 2099 qui

95 2120 332 2205 disputationes
347 2123 385 2187 de
399 2122 461 2187 hac
474 2144 509 2186 re
522 2121 693 2188 institutas
707 2124 835 2188 adeunt.
864 2144 963 2206 quare
978 2125 1108 2205 oportet

96 2228 195 2292 etiam
218 2249 289 2313 nos,
310 2227 372 2291 hac
396 2226 547 2310 opinione
571 2226 692 2292 omissa
715 2250 836 2313 eorum,
860 2227 915 2312 qui
939 2227 1034 2291 aliter
1056 2227 1108 2291 de-

95 2333 228 2419 finiunt,
265 2333 409 2398 rationes
442 2332 624 2419 explorare3
661 2334 723 2399 erit
760 2338 870 2400 autem
902 2334 1032 2398 datum
1064 2355 1108 2398 ex

94 2439 305 2524 hypothesi
318 2439 360 2524 id,
379 2438 466 2523 quod
481 2439 710 2505 conuenienter
722 2439 891 2524 principiis
905 2438 1108 2523 perspicitur.

95 2546 119 2609 ii
151 2546 267 2631 igitur,
304 2545 360 2629 qui
392 2545 636 2611 definitionibus
669 2546 807 2632 singulis
839 2545 1026 2611 nominibus
1057 2566 1109 2608 ex-

95 2652 216 2736 pressis
230 2655 376 2736 utuntur,
394 2651 443 2716 ita
456 2652 623 2738 definiunt,
636 2657 674 2717 ut
688 2675 752 2718 una
766 2653 875 2738 aliqua
888 2675 1008 2737 earum,
1027 2674 1107 2736 quas

96 2758 275 2843 attulimus,
292 2757 465 2822 notionum
482 2757 517 2822 id
536 2758 700 2844 denotent,
722 2760 992 2843 quemadmodum
1011 2757 1107 2821 initio

96 2863 219 2929 dictum
238 2868 296 2929 est.
334 2885 446 2928 omnes
465 2868 575 2928 autem
592 2864 679 2927 idem
697 2863 765 2928 fere
783 2865 822 2928 de
846 2865 935 2928 dato
955 2863 1108 2927 uidentur

96 2970 250 3055 sensisse3
262 2969 553 3055 comprehensibile
564 2969 651 3033 enim
661 2968 785 3053 aliquid
794 2969 828 3033 id
838 2991 908 3034 esse
917 2972 1105 3053 posuerunt,

95 3079 133 3139 ut
151 3075 261 3159 ipsum
282 3076 426 3141 declarat
445 3075 528 3139 dati
549 3096 678 3159 nomen,
702 3079 799 3159 atque
817 3074 977 3158 imprimis
995 3073 1029 3158 ii,
1052 3072 1108 3156 qui

94 3180 177 3247 illud
191 3183 321 3246 datum
338 3203 382 3245 ex
395 3180 607 3266 hypothesi
621 3179 802 3245 definiendo
816 3183 1012 3264 proponunt.
1040 3178 1108 3263 qui·

96 3393 188 3428 οιοντε
206 3373 236 3428 Ρ.
310 3379 352 3428 13,
372 3371 606 3443 διαμαρτάνουσι]
626 3389 684 3427 -οιν
702 3390 728 3427 v.
801 3372 875 3426 Ante
893 3378 943 3425 τοῦ
962 3369 1026 3424 add.
1041 3370 1106 3424 Vct.

95 3442 160 3513 περί
178 3443 291 3514 punctis
310 3444 364 3498 del.
445 3449 486 3498 18.
507 3439 686 3514 ὁριζομένων]
707 3442 868 3512 ὁριζόμενον
882 3441 913 3512 P,
933 3437 1110 3511 ὁριζομένους

94 3515 160 3571 Vas.
243 3520 285 3570 28.
304 3535 412 3571 κανωνι
430 3515 494 3569 vat.
572 3514 760 3586 δυνησόμεθα
778 3532 804 3569 v.
