2400 3840
516 176 680 230 SCHOLIA.
1034 174 1097 239 311

89 324 156 384 AB
179 320 199 403 ἡ
224 323 287 384 ΓΕ
309 325 362 402 ίση
387 315 470 385 οὖσα
493 330 532 405 τῇ
555 325 596 384 A.
638 318 707 385 ἐπεὶ
730 315 792 386 οὖν
816 318 905 384 ἐστιν
929 321 973 397 ὡς
995 319 1015 403 ἡ
1035 324 1106 385 ΑΓ

88 428 173 512 πρὸς
197 430 271 510 ΓΒ,
300 427 405 503 οὕτως
432 428 468 491 τὸ
495 426 561 491 ὑπὸ
588 438 655 493 τῶν
683 430 763 510 ΑΓ,
783 430 859 510 ΓΕ,
886 425 1036 491 τουτέστι
1063 429 1100 493 τὸ

88 532 155 598 ὑπὸ
179 539 221 616 A,
240 537 272 597 E
291 534 374 618 πρὸς
396 533 433 597 τὸ
455 532 521 597 ὑπὸ
540 542 607 597 τῶν
626 535 699 616 ΕΓ,
719 535 788 617 ΓΒ,
810 531 960 597 τουτέστι
978 535 1015 598 τὸ
1034 534 1100 600 ὑπὸ

88 651 157 704 τῶν
180 646 221 723 A,
239 646 286 724 A,
314 643 404 704 ἔστιν
427 636 490 706 οὖν
513 640 558 716 ὡς
579 638 600 723 ἡ
623 644 655 704 Ε
674 640 757 725 πρὸς
779 641 841 723 τὴν
864 646 911 724 Δ,
935 641 1040 718 οὕτως
1062 643 1100 707 τὸ

87 746 154 811 ὑπὸ
177 757 245 811 τῶν
267 753 309 830 A,
328 752 360 811 E
380 748 463 833 πρὸς
485 747 522 811 τὸ
543 748 610 812 ὑπὸ
633 757 701 811 τῶν
724 752 765 832 A,
782 753 824 811 Δ.
1136 763 1153 810 5

158 873 231 938 178.
273 875 378 937 Τοῦτό
409 888 526 958 φησιν,
560 873 625 955 ὅτι,
657 871 715 936 ἐὰν
741 867 803 936 ὦσι
831 857 852 936 δ
880 869 1014 938 ἐὐθεῖαι
1045 873 1101 939 καὶ

89 981 209 1063 ἔχωσιν
244 979 350 1056 οὕτως
380 980 463 1064 πρὸς
491 978 646 1061 ἀλλήλας·
678 991 748 1056 πῶς
775 976 812 1044 δέ
840 982 972 1064 ἔχωσας
1018 982 1102 1047 ὥστε

88 1089 204 1169 λαβεῖν
226 1110 301 1151 τινα
324 1084 356 1163 ἐξ
380 1086 491 1151 αὐτῶν
513 1097 614 1172 τρεῖς,
642 1085 714 1163 οἵας
741 1085 783 1151 άν
805 1089 976 1173 βούλοιτο,
1002 1106 1104 1175 προσ-

89 1196 204 1275 λαβεῖν
228 1189 265 1257 δὲ
287 1190 343 1257 καὶ
365 1194 523 1279 τετάρτην
546 1191 712 1277 ἀνάλογον
740 1189 845 1259 οὖσαν
867 1206 939 1271 ταῖς
961 1200 1101 1280 ληφθεί-

88 1316 164 1376 σαις
186 1303 287 1385 τρισί·
316 1303 405 1364 ἔσται
433 1300 478 1376 ὡς
500 1299 520 1382 ἡ
544 1300 679 1386 τετάρτη
705 1301 779 1383 ἤτοι
801 1299 822 1383 ἡ
845 1306 1100 1386 προσληφθεῖσα
1122 1315 1153 1362 10

87 1408 171 1492 πρὸς
198 1408 259 1490 τὴν
286 1409 401 1491 τρίτην
428 1407 502 1489 ἤτοι
528 1407 591 1490 την
612 1405 681 1490 μετ’
705 1407 810 1490 αὐτὴν
833 1410 963 1491 τρίτην,
995 1408 1101 1486 οὕτως

88 1513 109 1598 ἡ
134 1511 271 1599 δευτέρα
297 1515 370 1596 ἤτοι
397 1513 418 1598 ἡ
441 1514 521 1597 μετὰ
543 1514 605 1597 την
627 1518 903 1599 προσληφθεῖσαν
931 1513 1100 1600 δευτέραν,

88 1621 172 1705 πρὸς
194 1619 237 1702 ἣν
259 1619 279 1702 η
303 1621 416 1706 πρώτη
440 1623 541 1702 λόγον
560 1623 625 1704 ἔχει
643 1618 824 1703 δεδομένον
846 1620 920 1702 ἤτοι
938 1621 1021 1705 πρὸς
1039 1623 1100 1705 τὴν

88 1722 194 1793 οὖσαν
212 1728 293 1811 μετά
310 1729 372 1811 την
389 1732 666 1812 προσληφθεῖσαν
684 1727 852 1812 τετάρτην,
872 1727 955 1811 πρὸς
973 1719 1016 1808 ἣν
1035 1730 1100 1811 ἔχει

87 1834 109 1917 ἡ
133 1832 246 1918 πρώτη
269 1832 342 1915 ἥτοι
365 1832 385 1916 ἡ
405 1830 437 1910 ἐξ
456 1831 558 1918 ἀρχῆς
576 1831 692 1897 εὐθεῖα
714 1833 797 1917 πρὸς
816 1831 921 1916 αὐτην
940 1831 1100 1919 δευτέραν
1120 1844 1153 1893 15

88 1935 194 2007 οὖσαν
217 1941 318 2020 λόγον
341 1937 530 2023 δεδομένον.

156 2048 304 2111 έστοοσαν
326 2045 456 2111 εὐθεῖαι
479 2040 576 2111 αὗται
599 2047 637 2110 αί
657 2051 699 2130 A,
718 2050 757 2130 Β,
777 2049 815 2130 Γ,
833 2051 876 2130 A,
899 2044 955 2110 καὶ
978 2047 1100 2131 έστοοὴ

88 2137 640 2237 μὲιΑιῖο,ηοὲΒῖβ“,ηοῖ
669 2148 974 2237 samm.
1020 2149 1100 2236 λαβὲ

89 2268 173 2341 γοῦν
193 2257 224 2337 ἐξ
244 2259 356 2325 αὐτῶν
369 2271 466 2345 τρεῖς,
485 2260 557 2336 οἵας
569 2262 695 2343 βούλει,
713 2251 786 2326 οἷον
799 2261 861 2344 τὴν
874 2267 907 2325 Α
924 2258 980 2325 καὶ
995 2262 1057 2345 τὴν
1071 2265 1099 2325 Β

88 2364 144 2430 καὶ
170 2368 232 2450 την
257 2370 300 2431 Γ·
333 2369 525 2451 προσλαβοῦ
552 2365 607 2432 καὶ
635 2364 750 2453 ἑτέραν
777 2367 942 2450 ἀνάλογον
959 2368 1100 2445 ,ταύταις
1118 2377 1154 2427 20

88 2473 162 2556 ἤτοι
185 2474 246 2556 τὴν
269 2478 313 2556 Ε,
341 2471 396 2538 καὶ
419 2476 501 2539 ἔσται
525 2458 559 2538 δ·
593 2475 676 2540 ὥστε
704 2477 769 2558 ἔχει
791 2473 907 2551 αὐταῖς
930 2475 1100 2557 ἀναλόγως

88 2579 162 2662 ἤτοι
189 2580 249 2644 τὸν
272 2581 470 2645 διπλασίονα
492 2584 603 2663 λόγον.
649 2584 714 2666 ἔχει
738 2577 800 2648 οὖν
823 2582 843 2665 η
866 2581 1003 2669 τετάρτη
1026 2583 1101 2666 ἤτοι

88 2685 109 2769 ἡ
142 2691 410 2772 προσληφθεῖσα·
442 2688 579 2774 τετάρτη
611 2689 674 2774 γάρ
708 2688 898 2775 ἀριθμεῖται
931 2690 1010 2773 μετὰ
1042 2689 1100 2764 τάς

87 2804 177 2878 τρεῖς
199 2793 258 2869 τὰς
280 2797 477 2876 ληφθείσας·
500 2795 583 2879 πρὸς
605 2796 666 2878 την
684 2799 799 2881 τρίτην
817 2797 890 2878 ἤτοι
908 2797 969 2878 τὴν
988 2797 1021 2858 Γ
1038 2796 1100 2878 τὴν

86 2900 168 2984 μετά
200 2900 260 2983 την
287 2905 536 2985 προσληθεῖσαν
569 2899 820 2986 άριθμουμένην
851 2905 967 2987 τρίτην
998 2904 1099 2983 λόγον
1117 2911 1153 2960 25

87 3005 341 3071 δποδιπλάσιον.
399 3004 492 3072 θέλει
520 3015 604 3089 γοῦν
635 3010 722 3090 ἔχειν
752 3007 858 3084 οὕτως
888 3006 943 3073 καὶ
975 3008 995 3091 ἡ
1024 3008 1098 3073 δευ-

161 3204 220 3253 178.
239 3199 282 3253 P’.

159 3403 184 3451 λ.
203 3396 269 3467 τῶν]
290 3412 342 3450 om.
363 3395 472 3450 Ποῖα.
552 3396 620 3466 ΓΕ]
642 3399 690 3450 ΓΔ
709 3394 818 3450 Ναίν.
906 3402 929 3449 3.
951 3398 1014 3462 ΕΓ,
1035 3398 1084 3448 ΓΒ

87 3470 170 3521 ΕΓΒ
190 3489 219 3535 ρ,
237 3470 321 3522 ΔΕΒ
341 3470 406 3521 cett.
483 3472 508 3522 4.
528 3467 641 3537 A(pr.)]
662 3470 686 3520 Ε
704 3466 722 3520 1.
803 3473 826 3520 5.
846 3475 901 3521 τῶν
916 3468 1085 3536 (utrumque)

85 3546 136 3608 τῆς
154 3539 205 3606 Ρρ.
